
	@ARTICLE{meng:lase,
	AUTHOR = "Na Meng and Miryung Kim and Kathryn S.McKinley",
	TITLE = "LASE: Locating and Applying Systematic Edits by Learning from Examples",
	JOURNAL = "ICSE 2013",
	PAGES = {502-511},
	YEAR = {2013}	}
