@article{DBLP:journals/ese/GuerroujPGA14,
  author    = {Latifa Guerrouj and
               Massimiliano Di Penta and
               Yann{-}Ga{\"{e}}l Gu{\'{e}}h{\'{e}}neuc and
               Giuliano Antoniol},
  title     = {An experimental investigation on the effects of context on source
               code identifiers splitting and expansion},
  journal   = {Empirical Software Engineering},
  year      = {2014},
  volume    = {19},
  number    = {6},
  pages     = {1706--1753},
  url       = {http://dx.doi.org/10.1007/s10664-013-9260-1},
  doi       = {10.1007/s10664-013-9260-1},
  timestamp = {Fri, 24 Oct 2014 22:44:51 +0200},
  biburl    = {http://dblp.uni-trier.de/rec/bib/journals/ese/GuerroujPGA14},
  bibsource = {dblp computer science bibliography, http://dblp.org}
}
@article{DBLP:journals/smr/GuerroujPAG13,
  author    = {Latifa Guerrouj and
               Massimiliano Di Penta and
               Giuliano Antoniol and
               Yann{-}Ga{\"{e}}l Gu{\'{e}}h{\'{e}}neuc},
  title     = {{TIDIER:} an identifier splitting approach using speech recognition
               techniques},
  journal   = {Journal of Software: Evolution and Process},
  year      = {2013},
  volume    = {25},
  number    = {6},
  pages     = {575--599},
  url       = {http://dx.doi.org/10.1002/smr.539},
  doi       = {10.1002/smr.539},
  timestamp = {Fri, 24 Oct 2014 22:44:55 +0200},
  biburl    = {http://dblp.uni-trier.de/rec/bib/journals/smr/GuerroujPAG13},
  bibsource = {dblp computer science bibliography, http://dblp.org}
}
@inproceedings{DBLP:conf/icse/Guerrouj04,
  author    = {Latifa Guerrouj},
  title     = {Normalizing source code vocabulary to support program comprehension
               and software quality},
  booktitle = {35th International Conference on Software Engineering, {ICSE} '13,
               San Francisco, CA, USA, May 18-26, 2013},
  year      = {2013},
  pages     = {1385--1388}
}

@inproceedings{DBLP:conf/wcre/GuerroujGGAP12,
  author    = {Latifa Guerrouj and
               Philippe Galinier and
               Yann{-}Ga{\"{e}}l Gu{\'{e}}h{\'{e}}neuc and
               Giuliano Antoniol and
               Massimiliano Di Penta},
  title     = {{TRIS:} {A} Fast and Accurate Identifiers Splitting and Expansion
               Algorithm},
  booktitle = {19th Working Conference on Reverse Engineering, {WCRE} 2012, Kingston,
               ON, Canada, October 15-18, 2012},
  year      = {2012},
  pages     = {103--112}
}

@inproceedings{DBLP:conf/csmr/MadaniGPGA10,
  author    = {Nioosha Madani and
               Latifa Guerrouj and
               Massimiliano Di Penta and
               Yann{-}Ga{\"{e}}l Gu{\'{e}}h{\'{e}}neuc and
               Giuliano Antoniol},
  title     = {Recognizing Words from Source Code Identifiers Using Speech Recognition
               Techniques},
  booktitle = {14th European Conference on Software Maintenance and Reengineering,
               {CSMR} 2010, 15-18 March 2010, Madrid, Spain},
  year      = {2010},
  pages     = {68--77}
}
@inproceedings{DBLP:conf/wcre/Guerrouj10,
  author    = {Latifa Guerrouj},
  title     = {Automatic Derivation of Concepts Based on the Analysis of Source Code
               Identifiers},
  booktitle = {17th Working Conference on Reverse Engineering, {WCRE} 2010, 13-16
               October 2010, Beverly, MA, {USA}},
  year      = {2010},
  pages     = {301--304}
}

@article{DBLP:journals/tse/ArnaoudovaEPOAG14,
  author    = {Venera Arnaoudova and
               Laleh Mousavi Eshkevari and
               Massimiliano Di Penta and
               Rocco Oliveto and
               Giuliano Antoniol and
               Yann{-}Ga{\"{e}}l Gu{\'{e}}h{\'{e}}neuc},
  title     = {{REPENT:} Analyzing the Nature of Identifier Renamings},
  journal   = {{IEEE} Trans. Software Eng.},
  year      = {2014},
  volume    = {40},
  number    = {5},
  pages     = {502--532},
  url       = {http://doi.ieeecomputersociety.org/10.1109/TSE.2014.2312942},
  doi       = {10.1109/TSE.2014.2312942},
  timestamp = {Fri, 24 Oct 2014 22:47:10 +0200},
  biburl    = {http://dblp.uni-trier.de/rec/bib/journals/tse/ArnaoudovaEPOAG14},
  bibsource = {dblp computer science bibliography, http://dblp.org}
}

@inproceedings{DBLP:conf/csmr/ArnaoudovaPAG13,
  author    = {Venera Arnaoudova and
               Massimiliano Di Penta and
               Giuliano Antoniol and
               Yann{-}Ga{\"{e}}l Gu{\'{e}}h{\'{e}}neuc},
  title     = {A New Family of Software Anti-patterns: Linguistic Anti-patterns},
  booktitle = {17th European Conference on Software Maintenance and Reengineering,
               {CSMR} 2013, Genova, Italy, March 5-8, 2013},
  year      = {2013},
  pages     = {187--196}
}

@inproceedings{DBLP:conf/msr/EshkevariAPOGA11,
  author    = {Laleh Mousavi Eshkevari and
               Venera Arnaoudova and
               Massimiliano Di Penta and
               Rocco Oliveto and
               Yann{-}Ga{\"{e}}l Gu{\'{e}}h{\'{e}}neuc and
               Giuliano Antoniol},
  title     = {An exploratory study of identifier renamings},
  booktitle = {Proceedings of the 8th International Working Conference on Mining
               Software Repositories, {MSR} 2011 (Co-located with ICSE), Waikiki,
               Honolulu, HI, USA, May 21-28, 2011, Proceedings},
  year      = {2011},
  pages     = {33--42}
}

@inproceedings{DBLP:conf/icsm/ArnaoudovaEOGA10,
  author    = {Venera Arnaoudova and
               Laleh Mousavi Eshkevari and
               Rocco Oliveto and
               Yann{-}Ga{\"{e}}l Gu{\'{e}}h{\'{e}}neuc and
               Giuliano Antoniol},
  title     = {Physical and conceptual identifier dispersion: Measures and relation
               to fault proneness},
  booktitle = {26th {IEEE} International Conference on Software Maintenance {(ICSM}
               2010), September 12-18, 2010, Timisoara, Romania},
  year      = {2010},
  pages     = {1--5}
}

@inproceedings{DBLP:conf/wcre/Arnaoudova10,
  author    = {Venera Arnaoudova},
  title     = {Improving Source Code Quality through the Definition of Linguistic
               Antipatterns},
  booktitle = {17th Working Conference on Reverse Engineering, {WCRE} 2010, 13-16
               October 2010, Beverly, MA, {USA}},
  year      = {2010},
  pages     = {285--288}
}

@article{DBLP:journals/ese/HillBLPV14,
  author    = {Emily Hill and
               David Binkley and
               Dawn J. Lawrie and
               Lori L. Pollock and
               K. Vijay{-}Shanker},
  title     = {An empirical study of identifier splitting techniques},
  journal   = {Empirical Software Engineering},
  year      = {2014},
  volume    = {19},
  number    = {6},
  pages     = {1754--1780},
  url       = {http://dx.doi.org/10.1007/s10664-013-9261-0},
  doi       = {10.1007/s10664-013-9261-0},
  timestamp = {Fri, 24 Oct 2014 22:50:00 +0200},
  biburl    = {http://dblp.uni-trier.de/rec/bib/journals/ese/HillBLPV14},
  bibsource = {dblp computer science bibliography, http://dblp.org}
}

@article{DBLP:journals/ese/BinkleyDLMMS13,
  author    = {Dave Binkley and
               Marcia Davis and
               Dawn Lawrie and
               Jonathan I. Maletic and
               Christopher Morrell and
               Bonita Sharif},
  title     = {The impact of identifier style on effort and comprehension},
  journal   = {Empirical Software Engineering},
  year      = {2013},
  volume    = {18},
  number    = {2},
  pages     = {219--276},
  url       = {http://dx.doi.org/10.1007/s10664-012-9201-4},
  doi       = {10.1007/s10664-012-9201-4},
  timestamp = {Fri, 24 Oct 2014 22:50:06 +0200},
  biburl    = {http://dblp.uni-trier.de/rec/bib/journals/ese/BinkleyDLMMS13},
  bibsource = {dblp computer science bibliography, http://dblp.org}
}

@article{DBLP:journals/jss/BinkleyFLP09,
  author    = {David Binkley and
               Henry Feild and
               Dawn J. Lawrie and
               Maurizio Pighin},
  title     = {Increasing diversity: Natural language measures for software fault
               prediction},
  journal   = {Journal of Systems and Software},
  year      = {2009},
  volume    = {82},
  number    = {11},
  pages     = {1793--1803},
  url       = {http://dx.doi.org/10.1016/j.jss.2009.06.036},
  doi       = {10.1016/j.jss.2009.06.036},
  timestamp = {Fri, 24 Oct 2014 22:50:12 +0200},
  biburl    = {http://dblp.uni-trier.de/rec/bib/journals/jss/BinkleyFLP09},
  bibsource = {dblp computer science bibliography, http://dblp.org}
}


@article{DBLP:journals/scp/BinkleyLMM09,
  author    = {David Binkley and
               Dawn Lawrie and
               Steve Maex and
               Christopher Morrell},
  title     = {Identifier length and limited programmer memory},
  journal   = {Sci. Comput. Program.},
  year      = {2009},
  volume    = {74},
  number    = {7},
  pages     = {430--445},
  url       = {http://dx.doi.org/10.1016/j.scico.2009.02.006},
  doi       = {10.1016/j.scico.2009.02.006},
  timestamp = {Fri, 24 Oct 2014 22:50:19 +0200},
  biburl    = {http://dblp.uni-trier.de/rec/bib/journals/scp/BinkleyLMM09},
  bibsource = {dblp computer science bibliography, http://dblp.org}
}
@article{DBLP:journals/ese/LawrieFB07,
  author    = {Dawn Lawrie and
               Henry Feild and
               David Binkley},
  title     = {Quantifying identifier quality: an analysis of trends},
  journal   = {Empirical Software Engineering},
  year      = {2007},
  volume    = {12},
  number    = {4},
  pages     = {359--388},
  url       = {http://dx.doi.org/10.1007/s10664-006-9032-2},
  doi       = {10.1007/s10664-006-9032-2},
  timestamp = {Fri, 24 Oct 2014 22:50:30 +0200},
  biburl    = {http://dblp.uni-trier.de/rec/bib/journals/ese/LawrieFB07},
  bibsource = {dblp computer science bibliography, http://dblp.org}
}

@article{DBLP:journals/isse/LawrieMFB07,
  author    = {Dawn Lawrie and
               Christopher Morrell and
               Henry Feild and
               David Binkley},
  title     = {Effective identifier names for comprehension and memory},
  journal   = {{ISSE}},
  year      = {2007},
  volume    = {3},
  number    = {4},
  pages     = {303--318},
  url       = {http://dx.doi.org/10.1007/s11334-007-0031-2},
  doi       = {10.1007/s11334-007-0031-2},
  timestamp = {Fri, 24 Oct 2014 22:50:34 +0200},
  biburl    = {http://dblp.uni-trier.de/rec/bib/journals/isse/LawrieMFB07},
  bibsource = {dblp computer science bibliography, http://dblp.org}
}

@article{DBLP:journals/smr/LawrieFB07,
  author    = {Dawn Lawrie and
               Henry Feild and
               David Binkley},
  title     = {An empirical study of rules for well-formed identifiers},
  journal   = {Journal of Software Maintenance},
  year      = {2007},
  volume    = {19},
  number    = {4},
  pages     = {205--229},
  url       = {http://dx.doi.org/10.1002/smr.350},
  doi       = {10.1002/smr.350},
  timestamp = {Fri, 24 Oct 2014 22:50:40 +0200},
  biburl    = {http://dblp.uni-trier.de/rec/bib/journals/smr/LawrieFB07},
  bibsource = {dblp computer science bibliography, http://dblp.org}
}