@inproceedings{DBLP:conf/oopsla/FeldthausMMST11,
  author    = {Asger Feldthaus and
               Todd D. Millstein and
               Anders M{\o}ller and
               Max Sch{\"{a}}fer and
               Frank Tip},
  title     = {Tool-supported refactoring for JavaScript},
  booktitle = {Proceedings of the 26th Annual {ACM} {SIGPLAN} Conference on Object-Oriented
               Programming, Systems, Languages, and Applications, {OOPSLA} 2011,
               part of {SPLASH} 2011, Portland, OR, USA, October 22 - 27, 2011},
  year      = {2011},
  pages     = {119--138}
}

@inproceedings{DBLP:conf/oopsla/FeldthausMMST11a,
  author    = {Asger Feldthaus and
               Todd D. Millstein and
               Anders M{\o}ller and
               Max Sch{\"{a}}fer and
               Frank Tip},
  title     = {Refactoring towards the good parts of javascript},
  booktitle = {Companion to the 26th Annual {ACM} {SIGPLAN} Conference on Object-Oriented
               Programming, Systems, Languages, and Applications, {OOPSLA} 2011,
               part of {SPLASH} 2011, Portland, OR, USA, October 22 - 27, 2011},
  year      = {2011},
  pages     = {189--190}
 
}

@inproceedings{DBLP:conf/oopsla/MirghasemiBP11,
  author    = {Salman Mirghasemi and
               John J. Barton and
               Claude Petitpierre},
  title     = {Naming anonymous javascript functions},
  booktitle = {Companion to the 26th Annual {ACM} {SIGPLAN} Conference on Object-Oriented
               Programming, Systems, Languages, and Applications, {OOPSLA} 2011,
               part of {SPLASH} 2011, Portland, OR, USA, October 22 - 27, 2011},
  year      = {2011},
  pages     = {277--288}
 
}
@inproceedings{DBLP:conf/pldi/SrivastavaBMS11,
  author    = {Varun Srivastava and
               Michael D. Bond and
               Kathryn S. McKinley and
               Vitaly Shmatikov},
  title     = {A security policy oracle: detecting security holes using multiple
               {API} implementations},
  booktitle = {Proceedings of the 32nd {ACM} {SIGPLAN} Conference on Programming
               Language Design and Implementation, {PLDI} 2011, San Jose, CA, USA,
               June 4-8, 2011},
  year      = {2011},
  pages     = {343--354}
}
@inproceedings{DBLP:conf/oopsla/SonMS11,
  author    = {Sooel Son and
               Kathryn S. McKinley and
               Vitaly Shmatikov},
  title     = {RoleCast: finding missing security checks when you do not know what
               checks are},
  booktitle = {Proceedings of the 26th Annual {ACM} {SIGPLAN} Conference on Object-Oriented
               Programming, Systems, Languages, and Applications, {OOPSLA} 2011,
               part of {SPLASH} 2011, Portland, OR, USA, October 22 - 27, 2011},
  year      = {2011},
  pages     = {1069--1084}
}
@inproceedings{DBLP:conf/fse/kashyap14,
  author    = {SVineeth Kashyap and Kyle Dewey and Ethan A. Kuefner and John Wagner and Kevin Gibbons and John Sarracino and Ben Wiedermann and Ben Hardekopf},
  title     = {JSAI: A Static Analysis Platform for JavaScript},
  booktitle = {Proceedings of the 22th Annual {ACM} {SIGPLAN} Conference on 
               the {ACM} {SIGSOFT} Symposium on the Foundations of Software Engineering,
               ESEC/FSE'14, Hong Kong, China, November 16-21, 2014},
  year      = {2014},
#  pages     = {1069--1084}
}
@inproceedings{DBLP:conf/oopsla/FeldthausM13,
  author    = {Asger Feldthaus and
               Anders M{\o}ller},
  title     = {Semi-automatic rename refactoring for JavaScript},
  booktitle = {Proceedings of the 2013 {ACM} {SIGPLAN} International Conference on
               Object Oriented Programming Systems Languages {\&} Applications,
               {OOPSLA} 2013, part of {SPLASH} 2013, Indianapolis, IN, USA, October
               26-31, 2013},
  year      = {2013},
  pages     = {323--338}
}



