@inproceedings{DBLP:conf/icdm/YanH02,
  author    = {Xifeng Yan and
               Jiawei Han},
  title     = {gSpan: Graph-Based Substructure Pattern Mining},
  booktitle = {Proceedings of the 2002 {IEEE} International Conference on Data Mining
               {(ICDM} 2002), 9-12 December 2002, Maebashi City, Japan},
  year      = {2002},
  pages     = {721--724}
}

@inproceedings{DBLP:conf/sigmod/YanYH05,
  author    = {Xifeng Yan and
               Philip S. Yu and
               Jiawei Han},
  title     = {Substructure Similarity Search in Graph Databases},
  booktitle = {Proceedings of the {ACM} {SIGMOD} International Conference on Management
               of Data, Baltimore, Maryland, USA, June 14-16, 2005},
  year      = {2005},
  pages     = {766--777}
}

@inproceedings{DBLP:conf/sigmod/KhanLYGCT11,
  author    = {Arijit Khan and
               Nan Li and
               Xifeng Yan and
               Ziyu Guan and
               Supriyo Chakraborty and
               Shu Tao},
  title     = {Neighborhood based fast graph search in large networks},
  booktitle = {Proceedings of the {ACM} {SIGMOD} International Conference on Management
               of Data, {SIGMOD} 2011, Athens, Greece, June 12-16, 2011},
  year      = {2011},
  pages     = {901--912}
}
@article{DBLP:journals/datamine/HanCXY07,
  author    = {Jiawei Han and
               Hong Cheng and
               Dong Xin and
               Xifeng Yan},
  title     = {Frequent pattern mining: current status and future directions},
  journal   = {Data Min. Knowl. Discov.},
  year      = {2007},
  volume    = {15},
  number    = {1},
  pages     = {55--86}
}

@inproceedings{DBLP:conf/kbse/NguyenNNN14,
  author    = {Anh Tuan Nguyen and
               Hoan Anh Nguyen and
               Tung Thanh Nguyen and
               Tien N. Nguyen},
  title     = {Statistical learning approach for mining {API} usage mappings for
               code migration},
  booktitle = {{ACM/IEEE} International Conference on Automated Software Engineering,
               {ASE} '14, Vasteras, Sweden - September 15 - 19, 2014},
  year      = {2014},
  pages     = {457--468}
}

@inproceedings{DBLP:conf/icse/NguyenNNN14a,
  author    = {Anh Tuan Nguyen and
               Hoan Anh Nguyen and
               Tung Thanh Nguyen and
               Tien N. Nguyen},
  title     = {Statistical learning of {API} mappings for language migration},
  booktitle = {36th International Conference on Software Engineering, {ICSE} '14,
               Companion Proceedings, Hyderabad, India, May 31 - June 07, 2014},
  year      = {2014},
  pages     = {618--619},
  crossref  = {DBLP:conf/icse/2014c}
}

@inproceedings{DBLP:conf/kbse/NguyenNNNR13,
  author    = {Hoan Anh Nguyen and
               Anh Tuan Nguyen and
               Tung Thanh Nguyen and
               Tien N. Nguyen and
               Hridesh Rajan},
  title     = {A study of repetitiveness of code changes in software evolution},
  booktitle = {2013 28th {IEEE/ACM} International Conference on Automated Software
               Engineering, {ASE} 2013, Silicon Valley, CA, USA, November 11-15,
               2013},
  year      = {2013},
  pages     = {180--190}
}

@inproceedings{DBLP:conf/sigsoft/NguyenNNN13,
  author    = {Tung Thanh Nguyen and
               Anh Tuan Nguyen and
               Hoan Anh Nguyen and
               Tien N. Nguyen},
  title     = {A statistical semantic language model for source code},
  booktitle = {Joint Meeting of the European Software Engineering Conference and
               the {ACM} {SIGSOFT} Symposium on the Foundations of Software Engineering,
               ESEC/FSE'13, Saint Petersburg, Russian Federation, August 18-26, 2013},
  year      = {2013},
  pages     = {532--542}
}

@inproceedings{DBLP:conf/oopsla/NguyenNWNKN10,
  author    = {Hoan Anh Nguyen and
               Tung Thanh Nguyen and
               Gary Wilson Jr. and
               Anh Tuan Nguyen and
               Miryung Kim and
               Tien N. Nguyen},
  title     = {A graph-based approach to {API} usage adaptation},
  booktitle = {Proceedings of the 25th Annual {ACM} {SIGPLAN} Conference on Object-Oriented
               Programming, Systems, Languages, and Applications, {OOPSLA} 2010,
               October 17-21, 2010, Reno/Tahoe, Nevada, {USA}},
  year      = {2010},
  pages     = {302--321}
}

@inproceedings{DBLP:conf/icse/0001RNN14,
  author    = {Robert Dyer and
               Hridesh Rajan and
               Hoan Anh Nguyen and
               Tien N. Nguyen},
  title     = {Mining billions of {AST} nodes to study actual and potential usage
               of Java language features},
  booktitle = {36th International Conference on Software Engineering, {ICSE} '14,
               Hyderabad, India - May 31 - June 07, 2014},
  year      = {2014},
  pages     = {779--790}
}
@inproceedings{DBLP:conf/icse/NguyenNNN14,
  author    = {Hung Viet Nguyen and
               Hoan Anh Nguyen and
               Anh Tuan Nguyen and
               Tien N. Nguyen},
  title     = {Mining interprocedural, data-oriented usage patterns in JavaScript
               web applications},
  booktitle = {36th International Conference on Software Engineering, {ICSE} '14,
               Hyderabad, India - May 31 - June 07, 2014},
  year      = {2014},
  pages     = {791--802}
}

@inproceedings{DBLP:conf/kbse/NguyenNNN14,
  author    = {Anh Tuan Nguyen and
               Hoan Anh Nguyen and
               Tung Thanh Nguyen and
               Tien N. Nguyen},
  title     = {Statistical learning approach for mining {API} usage mappings for
               code migration},
  booktitle = {{ACM/IEEE} International Conference on Automated Software Engineering,
               {ASE} '14, Vasteras, Sweden - September 15 - 19, 2014},
  year      = {2014},
  pages     = {457--468}
}
@inproceedings{DBLP:conf/sigsoft/NguyenNPAN09,
  author    = {Tung Thanh Nguyen and
               Hoan Anh Nguyen and
               Nam H. Pham and
               Jafar M. Al{-}Kofahi and
               Tien N. Nguyen},
  title     = {Graph-based mining of multiple object usage patterns},
  booktitle = {Proceedings of the 7th joint meeting of the European Software Engineering
               Conference and the {ACM} {SIGSOFT} International Symposium on Foundations
               of Software Engineering, 2009, Amsterdam, The Netherlands, August
               24-28, 2009},
  year      = {2009},
  pages     = {383--392}
}


@article{DBLP:journals/tkde/GudesSV06,
  author    = {Ehud Gudes and
               Solomon Eyal Shimony and
               Natalia Vanetik},
  title     = {Discovering Frequent Graph Patterns Using Disjoint Paths},
  journal   = {{IEEE} Trans. Knowl. Data Eng.},
  year      = {2006},
  volume    = {18},
  number    = {11},
  pages     = {1441--1456},
  url       = {http://doi.ieeecomputersociety.org/10.1109/TKDE.2006.173},
  doi       = {10.1109/TKDE.2006.173},
  timestamp = {Fri, 24 Oct 2014 22:10:41 +0200},
  biburl    = {http://dblp.uni-trier.de/rec/bib/journals/tkde/GudesSV06},
  bibsource = {dblp computer science bibliography, http://dblp.org}
}
@article{DBLP:journals/kbs/Flores-GarridoCM14,
  author    = {Marisol Flores{-}Garrido and
               Jos{\'{e}} Ariel Carrasco{-}Ochoa and
               Jos{\'{e}} Francisco Mart{\'{\i}}nez Trinidad},
  title     = {Mining maximal frequent patterns in a single graph using inexact matching},
  journal   = {Knowl.-Based Syst.},
  year      = {2014},
  volume    = {66},
  pages     = {166--177},
  url       = {http://dx.doi.org/10.1016/j.knosys.2014.04.040},
  doi       = {10.1016/j.knosys.2014.04.040},
  timestamp = {Fri, 24 Oct 2014 22:11:30 +0200},
  biburl    = {http://dblp.uni-trier.de/rec/bib/journals/kbs/Flores-GarridoCM14},
  bibsource = {dblp computer science bibliography, http://dblp.org}
}

@article{DBLP:journals/sigsoft/OhbaG05,
  author    = {Masaru Ohba and
               Katsuhiko Gondow},
  title     = {Toward mining "concept keywords" from identifiers in large software
               projects},
  journal   = {{ACM} {SIGSOFT} Software Engineering Notes},
  year      = {2005},
  volume    = {30},
  number    = {4},
  pages     = {1--5},
  url       = {http://doi.acm.org/10.1145/1082983.1083151},
  doi       = {10.1145/1082983.1083151},
  timestamp = {Fri, 24 Oct 2014 22:13:32 +0200},
  biburl    = {http://dblp.uni-trier.de/rec/bib/journals/sigsoft/OhbaG05},
  bibsource = {dblp computer science bibliography, http://dblp.org}
}

@inproceedings{DBLP:conf/icse/HindleBSGD12,
  author    = {Abram Hindle and
               Earl T. Barr and
               Zhendong Su and
               Mark Gabel and
               Premkumar T. Devanbu},
  title     = {On the naturalness of software},
  booktitle = {34th International Conference on Software Engineering, {ICSE} 2012,
               June 2-9, 2012, Zurich, Switzerland},
  year      = {2012},
  pages     = {837--847}
}
@inproceedings{DBLP:conf/icse/HindleBSGD12,
  author    = {Abram Hindle and
               Earl T. Barr and
               Zhendong Su and
               Mark Gabel and
               Premkumar T. Devanbu},
  title     = {On the naturalness of software},
  booktitle = {34th International Conference on Software Engineering, {ICSE} 2012,
               June 2-9, 2012, Zurich, Switzerland},
  year      = {2012},
  pages     = {837--847},
  crossref  = {DBLP:conf/icse/2012},
  url       = {http://dx.doi.org/10.1109/ICSE.2012.6227135},
  doi       = {10.1109/ICSE.2012.6227135},
  timestamp = {Fri, 24 Oct 2014 22:14:07 +0200},
  biburl    = {http://dblp.uni-trier.de/rec/bib/conf/icse/HindleBSGD12},
  bibsource = {dblp computer science bibliography, http://dblp.org}
}
@inproceedings{DBLP:conf/fse/tu14,
  author    = {Zhaopeng Tu and Zhengdong Su and Prem Devanbu},
  title     = {On the localness of software},
  booktitle = {Proceedings of the 22th Annual {ACM} {SIGPLAN} Conference on 
               the {ACM} {SIGSOFT} Symposium on the Foundations of Software Engineering,
               ESEC/FSE'14, Hong Kong, China, November 16-21, 2014},
  year      = {2014},
#  pages     = {1069--1084}
}

@inproceedings{DBLP:conf/fse/tu14,
  author    = {Miltiadis Allamanis and Earl T. Barr and Christian Bird and Charles Sutton},
  title     = {Learning Natural Code Conventions},
  booktitle = {Proceedings of the 22th Annual {ACM} {SIGPLAN} Conference on 
               the {ACM} {SIGSOFT} Symposium on the Foundations of Software Engineering,
               ESEC/FSE'14, Hong Kong, China, November 16-21, 2014},
  year      = {2014},
#  pages     = {1069--1084}
}

@inproceedings{DBLP:conf/adma/tu14,
  author    = {Shuai Yu and Ruichang Zhang and Jihong Guan},
  title     = {Properly and 
8th International Conference, ADMA 2012, Nanjing, China, December 15-18, 2012. 
               },
  year      = {2012},
#  pages     = {235--246}
}


@inproceedings{DBLP:conf/pldi/RaychevVY14,
  author    = {Veselin Raychev and
               Martin T. Vechev and
               Eran Yahav},
  title     = {Code completion with statistical language models},
  booktitle = {{ACM} {SIGPLAN} Conference on Programming Language Design and Implementation,
               {PLDI} '14, Edinburgh, United Kingdom - June 09 - 11, 2014},
  year      = {2014},
  pages     = {44}
}




@inproceedings{DBLP:conf/msr/AllamanisS13a,
  author    = {Miltiadis Allamanis and
               Charles A. Sutton},
  title     = {Mining source code repositories at massive scale using language modeling},
  booktitle = {Proceedings of the 10th Working Conference on Mining Software Repositories,
               {MSR} '13, San Francisco, CA, USA, May 18-19, 2013},
  year      = {2013},
  pages     = {207--216}
}
@article{DBLP:journals/corr/AllamanisS14,
  author    = {Miltiadis Allamanis and
               Charles A. Sutton},
  title     = {Mining Idioms from Source Code},
  journal   = {CoRR},
  year      = {2014},
  volume    = {abs/1404.0417},
  url       = {http://arxiv.org/abs/1404.0417},
  timestamp = {Fri, 24 Oct 2014 22:20:52 +0200},
  biburl    = {http://dblp.uni-trier.de/rec/bib/journals/corr/AllamanisS14},
  bibsource = {dblp computer science bibliography, http://dblp.org}
}
@article{DBLP:journals/corr/AllamanisBS14,
  author    = {Miltiadis Allamanis and
               Earl T. Barr and
               Charles A. Sutton},
  title     = {Learning Natural Coding Conventions},
  journal   = {CoRR},
  year      = {2014},
  volume    = {abs/1402.4182},
  url       = {http://arxiv.org/abs/1402.4182},
  timestamp = {Fri, 24 Oct 2014 22:21:07 +0200},
  biburl    = {http://dblp.uni-trier.de/rec/bib/journals/corr/AllamanisBS14},
  bibsource = {dblp computer science bibliography, http://dblp.org}
}


@inproceedings{DBLP:conf/icml/MenonTGLK13,
  author    = {Aditya Krishna Menon and
               Omer Tamuz and
               Sumit Gulwani and
               Butler W. Lampson and
               Adam Kalai},
  title     = {A Machine Learning Framework for Programming by Example},
  booktitle = {Proceedings of the 30th International Conference on Machine Learning,
               {ICML} 2013, Atlanta, GA, USA, 16-21 June 2013},
  year      = {2013},
  pages     = {187--195}
}

@article{DBLP:journals/corr/MaddisonT14,
  author    = {Chris J. Maddison and
               Daniel Tarlow},
  title     = {Structured Generative Models of Natural Source Code},
  journal   = {CoRR},
  year      = {2014},
  volume    = {abs/1401.0514},
  url       = {http://arxiv.org/abs/1401.0514},
  timestamp = {Fri, 24 Oct 2014 22:32:40 +0200},
  biburl    = {http://dblp.uni-trier.de/rec/bib/journals/corr/MaddisonT14},
  bibsource = {dblp computer science bibliography, http://dblp.org}
}
