%%%Editor Support
	
	%%%%%%%%Code Completion


@INPROCEEDINGS{eclipse:recommend,
  author = "http://www.eclipse.org/recommenders/manual/"
}

@ARTICLE{ge:benfactor,
	AUTHOR = "Xi Ge and Quanton L.DuBose and Emerson Murphy-Hill",
	TITLE = "Reconciling manual and Automatic Refactoring",
	JOURNAL = "ICSE 2012",
	PAGES = {211-221},
	YEAR = {2012}	}

@ARTICLE{foster:witchdoctor,
	AUTHOR = "Stephen R.Foster and William G.Griswold and Sorin Lerner",
	TITLE = "WitchDoctor: IDE Support for Real-Time Auto-Completion of Refactorings",
	JOURNAL = "ICSE 2012",
	PAGES = {222-232},
	YEAR = {2012}	}
	
@ARTICLE{bruch:rank,
	AUTHOR = "Marcel Bruch and Martin Monperrus and Mira Mezini",
	TITLE = "Learning from Examples to Improve Code Completion Systems",
	JOURNAL = "ESEC/FSE 2009",
	PAGES = {213-222}, 
	YEAR = {2009}	}
	
	@ARTICLE{nguyen:graph,
	AUTHOR = "Anh Tuan Nguyen and Tung Thanh Nguyen and Hoan Anh Nguyen and Ahmed Tamrawi and Hung Viet Nguyen and Jafar Al-Kofahi and Tien N.Nguyen",
	TITLE = "Graph-Based Pattern-Oriented, Context-Sensitive Source Code Completion",
	JOURNAL = "ICSE 2012",
	PAGES = {69-79},
	YEAR = {2012}	}
	
	
	@ARTICLE{robbes:history,
	AUTHOR = "Romain Robbes and Michele Lanza",
	TITLE = "How Program History can improve Code Completion",
	JOURNAL = "ASE 2008",
	PAGES = {317-326},
	YEAR = {2008}	}
	
	@ARTICLE{lee:temporal,
	AUTHOR = "Yun Young Lee and Sam Harwell and Safraz Khurshid and Darko Marinov",
	TITLE = "Temporal Code Completion and Navigation",
	JOURNAL = "ICSE 2013",
	PAGES = {1181-1184},
	YEAR = {2013}	}
	
	
	@ARTICLE{omar:specialize,
	AUTHOR = "Cyrus Omar and YoungSeok and Thomas D. LaToza and Brad A.Myers",
	TITLE = "Active Code Completion",
	JOURNAL = "ICSE 2012",
	PAGES = {859-869},
	YEAR = {2012}	}


%%%%%%%IDE support
	%%%%%%%Ralph johnson
		@ARTICLE{lee:dndrefactor,
	AUTHOR = "Yun Young Lee and Nicholas Chen and Ralph E.Johnson",
	TITLE = "Drag-and-Drop Refactoring: Intuitive and Efficient Program Transformation",
	JOURNAL = "ICSE 2013",
	PAGES = {23-32},
	YEAR = {2013}	}
	
	@inproceedings{johnson:minepattern14,
  author    = {Stas Negara and
               Mihai Codoban and Danny Dig and
               Ralph E. Johnson},
  title     = {Mining Fine-Grained Code Changes to Detect Unknown Change Patterns},
  booktitle = {ICSE},
  year      = {2014}
 }

	
	
	%%%%%%%%%Text Editing %%%f
	@INPROCEEDINGS{sublime,
  author = "http://www.sublimetext.com/"
}
	%%%%graham
@inproceedings{graham:linkedit04,
  author    = {Michael Toomim and
               Andrew Begel and
               Susan L. Graham},
  title     = {Managing Duplicated Code with Linked Editing},
  booktitle = {VL/HCC},
  year      = {2004},
  pages     = {173-180},

}


@inproceedings{graham:toolchange07,
  author    = {Marat Boshernitsan and
               Susan L. Graham and
               Marti A. Hearst},
  title     = {Aligning development tools with the way programmers think
               about code changes},
  booktitle = {CHI},
  year      = {2007},
  pages     = {567-576},
}
%%%%%%%%%Miller
%%%
@inproceedings{miller:simultaneousedit01,
  author    = {Robert C. Miller and
               Brad A. Myers},
  title     = {Interactive Simultaneous Editing of Multiple Text Regions},
  booktitle = {USENIX Annual Technical Conference, General Track},
  year      = {2001},
  pages     = {161-174},
}
%%%
@inproceedings{miller:lapis02,
  author    = {Robert C. Miller and
               Brad A. Myers},
  title     = {LAPIS: smart editing with text structure},
  booktitle = {CHI Extended Abstracts},
  year      = {2002},
  pages     = {496-497},
}
%%%
@inproceedings{miller:multiselect02,
  author    = {Robert C. Miller and
               Brad A. Myers},
  title     = {Multiple selections in smart text editing},
  booktitle = {IUI},
  year      = {2002},
  pages     = {103-110},
}
	
	@inproceedings{miller:abbrcomplete09,
  author    = {Sangmok Han and
               David R. Wallace and
               Robert C. Miller},
  title     = {Code Completion from Abbreviated Input},
  booktitle = {ASE},
  year      = {2009},
  pages     = {332-343},
}
	




