%%%%Westley Weimer

@inproceedings{DBLP:conf/kbse/BuseW10,
  author    = {Raymond P. L. Buse and
               Westley Weimer},
  title     = {Automatically documenting program changes},
  booktitle = {{ASE} 2010, 25th {IEEE/ACM} International Conference on Automated
               Software Engineering, Antwerp, Belgium, September 20-24, 2010},
  pages     = {33--42},
  year      = {2010},
  crossref  = {DBLP:conf/kbse/2010},
  url       = {http://doi.acm.org/10.1145/1858996.1859005},
  doi       = {10.1145/1858996.1859005},
  timestamp = {Sat, 25 Sep 2010 13:52:22 +0200},
  biburl    = {http://dblp.uni-trier.de/rec/bib/conf/kbse/BuseW10},
  bibsource = {dblp computer science bibliography, http://dblp.org}
}

@inproceedings{DBLP:conf/issta/BuseW08a,
  author    = {Raymond P. L. Buse and
               Westley Weimer},
  title     = {Automatic documentation inference for exceptions},
  booktitle = {Proceedings of the {ACM/SIGSOFT} International Symposium on Software
               Testing and Analysis, {ISSTA} 2008, Seattle, WA, USA, July 20-24,
               2008},
  pages     = {273--282},
  year      = {2008},
  crossref  = {DBLP:conf/issta/2008},
  url       = {http://doi.acm.org/10.1145/1390630.1390664},
  doi       = {10.1145/1390630.1390664},
  timestamp = {Mon, 25 Aug 2008 21:36:39 +0200},
  biburl    = {http://dblp.uni-trier.de/rec/bib/conf/issta/BuseW08a},
  bibsource = {dblp computer science bibliography, http://dblp.org}
}


@inproceedings{DBLP:conf/icse/BuseW12,
  author    = {Raymond P. L. Buse and
               Westley Weimer},
  title     = {Synthesizing {API} usage examples},
  booktitle = {34th International Conference on Software Engineering, {ICSE} 2012,
               June 2-9, 2012, Zurich, Switzerland},
  pages     = {782--792},
  year      = {2012},
  crossref  = {DBLP:conf/icse/2012},
  url       = {http://dx.doi.org/10.1109/ICSE.2012.6227140},
  doi       = {10.1109/ICSE.2012.6227140},
  timestamp = {Mon, 10 Sep 2012 14:08:11 +0200},
  biburl    = {http://dblp.uni-trier.de/rec/bib/conf/icse/BuseW12},
  bibsource = {dblp computer science bibliography, http://dblp.org}
}


@article{DBLP:journals/tse/GouesNFW12,
  author    = {Claire Le Goues and
               ThanhVu Nguyen and
               Stephanie Forrest and
               Westley Weimer},
  title     = {GenProg: {A} Generic Method for Automatic Software Repair},
  journal   = {{IEEE} Trans. Software Eng.},
  volume    = {38},
  number    = {1},
  pages     = {54--72},
  year      = {2012},
  url       = {http://doi.ieeecomputersociety.org/10.1109/TSE.2011.104},
  doi       = {10.1109/TSE.2011.104},
  timestamp = {Thu, 02 Feb 2012 12:31:28 +0100},
  biburl    = {http://dblp.uni-trier.de/rec/bib/journals/tse/GouesNFW12},
  bibsource = {dblp computer science bibliography, http://dblp.org}
}

###Collin McMillan - Portfolio

@inproceedings{DBLP:conf/icse/RodegheroMMBD14,
  author    = {Paige Rodeghero and
               Collin McMillan and
               Paul W. McBurney and
               Nigel Bosch and
               Sidney K. D'Mello},
  title     = {Improving automated source code summarization via an eye-tracking
               study of programmers},
  booktitle = {36th International Conference on Software Engineering, {ICSE} '14,
               Hyderabad, India - May 31 - June 07, 2014},
  pages     = {390--401},
  year      = {2014},
  crossref  = {DBLP:conf/icse/2014},
  url       = {http://doi.acm.org/10.1145/2568225.2568247},
  doi       = {10.1145/2568225.2568247},
  timestamp = {Sun, 18 May 2014 16:12:57 +0200},
  biburl    = {http://dblp.uni-trier.de/rec/bib/conf/icse/RodegheroMMBD14},
  bibsource = {dblp computer science bibliography, http://dblp.org}
}

@inproceedings{DBLP:conf/iwpc/McBurneyM14,
  author    = {Paul W. McBurney and
               Collin McMillan},
  title     = {Automatic documentation generation via source code summarization of
               method context},
  booktitle = {22nd International Conference on Program Comprehension, {ICPC} 2014,
               Hyderabad, India, June 2-3, 2014},
  pages     = {279--290},
  year      = {2014},
  crossref  = {DBLP:conf/iwpc/2014},
  url       = {http://doi.acm.org/10.1145/2597008.2597149},
  doi       = {10.1145/2597008.2597149},
  timestamp = {Mon, 19 May 2014 08:41:29 +0200},
  biburl    = {http://dblp.uni-trier.de/rec/bib/conf/iwpc/McBurneyM14},
  bibsource = {dblp computer science bibliography, http://dblp.org}
}

@inproceedings{DBLP:conf/icse/McMillanGPXF11,
  author    = {Collin McMillan and
               Mark Grechanik and
               Denys Poshyvanyk and
               Qing Xie and
               Chen Fu},
  title     = {Portfolio: finding relevant functions and their usage},
  booktitle = {Proceedings of the 33rd International Conference on Software Engineering,
               {ICSE} 2011, Waikiki, Honolulu , HI, USA, May 21-28, 2011},
  pages     = {111--120},
  year      = {2011},
  crossref  = {DBLP:conf/icse/2011},
  url       = {http://doi.acm.org/10.1145/1985793.1985809},
  doi       = {10.1145/1985793.1985809},
  timestamp = {Sat, 28 Jan 2012 17:07:02 +0100},
  biburl    = {http://dblp.uni-trier.de/rec/bib/conf/icse/McMillanGPXF11},
  bibsource = {dblp computer science bibliography, http://dblp.org}
}
#####Tao Xie, MAPO
@inproceedings{DBLP:conf/msr/WangDZCXZ13,
  author    = {Jue Wang and
               Yingnong Dang and
               Hongyu Zhang and
               Kai Chen and
               Tao Xie and
               Dongmei Zhang},
  title     = {Mining succinct and high-coverage {API} usage patterns from source
               code},
  booktitle = {Proceedings of the 10th Working Conference on Mining Software Repositories,
               {MSR} '13, San Francisco, CA, USA, May 18-19, 2013},
  pages     = {319--328},
  year      = {2013},
  crossref  = {DBLP:conf/msr/2013},
  url       = {http://dl.acm.org/citation.cfm?id=2487146},
  timestamp = {Thu, 05 Dec 2013 17:22:19 +0100},
  biburl    = {http://dblp.uni-trier.de/rec/bib/conf/msr/WangDZCXZ13},
  bibsource = {dblp computer science bibliography, http://dblp.org}
}

@inproceedings{DBLP:conf/icse/PanditaXZXOP12,
  author    = {Rahul Pandita and
               Xusheng Xiao and
               Hao Zhong and
               Tao Xie and
               Stephen Oney and
               Amit M. Paradkar},
  title     = {Inferring method specifications from natural language {API} descriptions},
  booktitle = {34th International Conference on Software Engineering, {ICSE} 2012,
               June 2-9, 2012, Zurich, Switzerland},
  pages     = {815--825},
  year      = {2012},
  crossref  = {DBLP:conf/icse/2012},
  url       = {http://dx.doi.org/10.1109/ICSE.2012.6227137},
  doi       = {10.1109/ICSE.2012.6227137},
  timestamp = {Mon, 10 Sep 2012 14:08:11 +0200},
  biburl    = {http://dblp.uni-trier.de/rec/bib/conf/icse/PanditaXZXOP12},
  bibsource = {dblp computer science bibliography, http://dblp.org}
}

@inproceedings{DBLP:conf/ecoop/ZhongXZPM09,
  author    = {Hao Zhong and
               Tao Xie and
               Lu Zhang and
               Jian Pei and
               Hong Mei},
  title     = {{MAPO:} Mining and Recommending {API} Usage Patterns},
  booktitle = {{ECOOP} 2009 - Object-Oriented Programming, 23rd European Conference,
               Genoa, Italy, July 6-10, 2009. Proceedings},
  pages     = {318--343},
  year      = {2009},
  crossref  = {DBLP:conf/ecoop/2009},
  url       = {http://dx.doi.org/10.1007/978-3-642-03013-0_15},
  doi       = {10.1007/978-3-642-03013-0_15},
  timestamp = {Tue, 08 Nov 2011 22:19:14 +0100},
  biburl    = {http://dblp.uni-trier.de/rec/bib/conf/ecoop/ZhongXZPM09},
  bibsource = {dblp computer science bibliography, http://dblp.org}
}

### Tien Nguyen

@inproceedings{DBLP:conf/icse/0001RNN14,
  author    = {Robert Dyer and
               Hridesh Rajan and
               Hoan Anh Nguyen and
               Tien N. Nguyen},
  title     = {Mining billions of {AST} nodes to study actual and potential usage
               of Java language features},
  booktitle = {36th International Conference on Software Engineering, {ICSE} '14,
               Hyderabad, India - May 31 - June 07, 2014},
  pages     = {779--790},
  year      = {2014},
  crossref  = {DBLP:conf/icse/2014},
  url       = {http://doi.acm.org/10.1145/2568225.2568295},
  doi       = {10.1145/2568225.2568295},
  timestamp = {Sun, 18 May 2014 16:12:57 +0200},
  biburl    = {http://dblp.uni-trier.de/rec/bib/conf/icse/0001RNN14},
  bibsource = {dblp computer science bibliography, http://dblp.org}
}

@inproceedings{DBLP:conf/kbse/NguyenNNN14,
  author    = {Anh Tuan Nguyen and
               Hoan Anh Nguyen and
               Tung Thanh Nguyen and
               Tien N. Nguyen},
  title     = {Statistical learning approach for mining {API} usage mappings for
               code migration},
  booktitle = {{ACM/IEEE} International Conference on Automated Software Engineering,
               {ASE} '14, Vasteras, Sweden - September 15 - 19, 2014},
  pages     = {457--468},
  year      = {2014},
  crossref  = {DBLP:conf/kbse/2014},
  url       = {http://doi.acm.org/10.1145/2642937.2643010},
  doi       = {10.1145/2642937.2643010},
  timestamp = {Wed, 17 Sep 2014 09:31:02 +0200},
  biburl    = {http://dblp.uni-trier.de/rec/bib/conf/kbse/NguyenNNN14},
  bibsource = {dblp computer science bibliography, http://dblp.org}
}

@inproceedings{DBLP:conf/oopsla/NguyenNWNKN10,
  author    = {Hoan Anh Nguyen and
               Tung Thanh Nguyen and
               Gary Wilson Jr. and
               Anh Tuan Nguyen and
               Miryung Kim and
               Tien N. Nguyen},
  title     = {A graph-based approach to {API} usage adaptation},
  booktitle = {Proceedings of the 25th Annual {ACM} {SIGPLAN} Conference on Object-Oriented
               Programming, Systems, Languages, and Applications, {OOPSLA} 2010,
               October 17-21, 2010, Reno/Tahoe, Nevada, {USA}},
  pages     = {302--321},
  year      = {2010},
  crossref  = {DBLP:conf/oopsla/2010},
  url       = {http://doi.acm.org/10.1145/1869459.1869486},
  doi       = {10.1145/1869459.1869486},
  timestamp = {Wed, 27 Oct 2010 13:53:08 +0200},
  biburl    = {http://dblp.uni-trier.de/rec/bib/conf/oopsla/NguyenNWNKN10},
  bibsource = {dblp computer science bibliography, http://dblp.org}
}

@inproceedings{DBLP:conf/kbse/NguyenNNNR13,
  author    = {Hoan Anh Nguyen and
               Anh Tuan Nguyen and
               Tung Thanh Nguyen and
               Tien N. Nguyen and
               Hridesh Rajan},
  title     = {A study of repetitiveness of code changes in software evolution},
  booktitle = {2013 28th {IEEE/ACM} International Conference on Automated Software
               Engineering, {ASE} 2013, Silicon Valley, CA, USA, November 11-15,
               2013},
  pages     = {180--190},
  year      = {2013},
  crossref  = {DBLP:conf/kbse/2013},
  url       = {http://dx.doi.org/10.1109/ASE.2013.6693078},
  doi       = {10.1109/ASE.2013.6693078},
  timestamp = {Mon, 21 Jul 2014 07:41:41 +0200},
  biburl    = {http://dblp.uni-trier.de/rec/bib/conf/kbse/NguyenNNNR13},
  bibsource = {dblp computer science bibliography, http://dblp.org}
}

@inproceedings{DBLP:conf/sigsoft/NguyenNPAN09,
  author    = {Tung Thanh Nguyen and
               Hoan Anh Nguyen and
               Nam H. Pham and
               Jafar M. Al{-}Kofahi and
               Tien N. Nguyen},
  title     = {Graph-based mining of multiple object usage patterns},
  booktitle = {Proceedings of the 7th joint meeting of the European Software Engineering
               Conference and the {ACM} {SIGSOFT} International Symposium on Foundations
               of Software Engineering, 2009, Amsterdam, The Netherlands, August
               24-28, 2009},
  pages     = {383--392},
  year      = {2009},
  crossref  = {DBLP:conf/sigsoft/2009},
  url       = {http://doi.acm.org/10.1145/1595696.1595767},
  doi       = {10.1145/1595696.1595767},
  timestamp = {Mon, 31 Aug 2009 15:28:38 +0200},
  biburl    = {http://dblp.uni-trier.de/rec/bib/conf/sigsoft/NguyenNPAN09},
  bibsource = {dblp computer science bibliography, http://dblp.org}
}
@inproceedings{DBLP:conf/oopsla/NguyenNWNKN10,
  author    = {Hoan Anh Nguyen and
               Tung Thanh Nguyen and
               Gary Wilson Jr. and
               Anh Tuan Nguyen and
               Miryung Kim and
               Tien N. Nguyen},
  title     = {A graph-based approach to {API} usage adaptation},
  booktitle = {Proceedings of the 25th Annual {ACM} {SIGPLAN} Conference on Object-Oriented
               Programming, Systems, Languages, and Applications, {OOPSLA} 2010,
               October 17-21, 2010, Reno/Tahoe, Nevada, {USA}},
  pages     = {302--321},
  year      = {2010},
  crossref  = {DBLP:conf/oopsla/2010},
  url       = {http://doi.acm.org/10.1145/1869459.1869486},
  doi       = {10.1145/1869459.1869486},
  timestamp = {Wed, 27 Oct 2010 13:53:08 +0200},
  biburl    = {http://dblp.uni-trier.de/rec/bib/conf/oopsla/NguyenNWNKN10},
  bibsource = {dblp computer science bibliography, http://dblp.org}
}


@inproceedings{DBLP:conf/sigsoft/NguyenNNN13,
  author    = {Tung Thanh Nguyen and
               Anh Tuan Nguyen and
               Hoan Anh Nguyen and
               Tien N. Nguyen},
  title     = {A statistical semantic language model for source code},
  booktitle = {Joint Meeting of the European Software Engineering Conference and
               the {ACM} {SIGSOFT} Symposium on the Foundations of Software Engineering,
               ESEC/FSE'13, Saint Petersburg, Russian Federation, August 18-26, 2013},
  pages     = {532--542},
  year      = {2013},
  crossref  = {DBLP:conf/sigsoft/2013},
  url       = {http://doi.acm.org/10.1145/2491411.2491458},
  doi       = {10.1145/2491411.2491458},
  timestamp = {Sat, 31 Aug 2013 17:43:06 +0200},
  biburl    = {http://dblp.uni-trier.de/rec/bib/conf/sigsoft/NguyenNNN13},
  bibsource = {dblp computer science bibliography, http://dblp.org}
}


### Martin Robillard

@article{DBLP:journals/tse/RobillardBKMR13,
  author    = {Martin P. Robillard and
               Eric Bodden and
               David Kawrykow and
               Mira Mezini and
               Tristan Ratchford},
  title     = {Automated {API} Property Inference Techniques},
  journal   = {{IEEE} Trans. Software Eng.},
  volume    = {39},
  number    = {5},
  pages     = {613--637},
  year      = {2013},
  url       = {http://doi.ieeecomputersociety.org/10.1109/TSE.2012.63},
  doi       = {10.1109/TSE.2012.63},
  timestamp = {Sun, 12 May 2013 21:29:56 +0200},
  biburl    = {http://dblp.uni-trier.de/rec/bib/journals/tse/RobillardBKMR13},
  bibsource = {dblp computer science bibliography, http://dblp.org}
}

@article{DBLP:journals/ese/RobillardD11,
  author    = {Martin P. Robillard and
               Robert DeLine},
  title     = {A field study of {API} learning obstacles},
  journal   = {Empirical Software Engineering},
  volume    = {16},
  number    = {6},
  pages     = {703--732},
  year      = {2011},
  url       = {http://dx.doi.org/10.1007/s10664-010-9150-8},
  doi       = {10.1007/s10664-010-9150-8},
  timestamp = {Tue, 13 Sep 2011 10:47:05 +0200},
  biburl    = {http://dblp.uni-trier.de/rec/bib/journals/ese/RobillardD11},
  bibsource = {dblp computer science bibliography, http://dblp.org}
}

@article{DBLP:journals/tosem/DagenaisR11,
  author    = {Barth{\'{e}}l{\'{e}}my Dagenais and
               Martin P. Robillard},
  title     = {Recommending Adaptive Changes for Framework Evolution},
  journal   = {{ACM} Trans. Softw. Eng. Methodol.},
  volume    = {20},
  number    = {4},
  pages     = {19},
  year      = {2011},
  url       = {http://doi.acm.org/10.1145/2000799.2000805},
  doi       = {10.1145/2000799.2000805},
  timestamp = {Tue, 18 Oct 2011 18:00:50 +0200},
  biburl    = {http://dblp.uni-trier.de/rec/bib/journals/tosem/DagenaisR11},
  bibsource = {dblp computer science bibliography, http://dblp.org}
}


@inproceedings{DBLP:conf/sigsoft/DagenaisR10,
  author    = {Barth{\'{e}}l{\'{e}}my Dagenais and
               Martin P. Robillard},
  title     = {Creating and evolving developer documentation: understanding the decisions
               of open source contributors},
  booktitle = {Proceedings of the 18th {ACM} {SIGSOFT} International Symposium on
               Foundations of Software Engineering, 2010, Santa Fe, NM, USA, November
               7-11, 2010},
  pages     = {127--136},
  year      = {2010},
  crossref  = {DBLP:conf/sigsoft/2010},
  url       = {http://doi.acm.org/10.1145/1882291.1882312},
  doi       = {10.1145/1882291.1882312},
  timestamp = {Fri, 28 Jan 2011 07:43:10 +0100},
  biburl    = {http://dblp.uni-trier.de/rec/bib/conf/sigsoft/DagenaisR10},
  bibsource = {dblp computer science bibliography, http://dblp.org}
}

@inproceedings{DBLP:conf/se/MaalejR14,
  author    = {Walid Maalej and
               Martin P. Robillard},
  title     = {Patterns of Knowledge in {API} Reference Documentation},
  booktitle = {Software Engineering 2014, Fachtagung des GI-Fachbereichs Softwaretechnik,
               25. Februar - 28. Februar 2014, Kiel, Deutschland},
  pages     = {29},
  year      = {2014},
  crossref  = {DBLP:conf/se/2014},
  timestamp = {Sat, 10 May 2014 18:34:03 +0200},
  biburl    = {http://dblp.uni-trier.de/rec/bib/conf/se/MaalejR14},
  bibsource = {dblp computer science bibliography, http://dblp.org}
}

@inproceedings{DBLP:conf/sigsoft/YingR14,
  author    = {Annie T. T. Ying and
               Martin P. Robillard},
  title     = {Selection and presentation practices for code example summarization},
  booktitle = {Proceedings of the 22nd {ACM} {SIGSOFT} International Symposium on
               Foundations of Software Engineering, (FSE-22), Hong Kong, China, November
               16 - 22, 2014},
  pages     = {460--471},
  year      = {2014},
  crossref  = {DBLP:conf/sigsoft/2014},
  url       = {http://doi.acm.org/10.1145/2635868.2635877},
  doi       = {10.1145/2635868.2635877},
  timestamp = {Fri, 07 Nov 2014 13:02:02 +0100},
  biburl    = {http://dblp.uni-trier.de/rec/bib/conf/sigsoft/YingR14},
  bibsource = {dblp computer science bibliography, http://dblp.org}
}

@inproceedings{DBLP:conf/sigsoft/YingR13,
  author    = {Annie T. T. Ying and
               Martin P. Robillard},
  title     = {Code fragment summarization},
  booktitle = {Joint Meeting of the European Software Engineering Conference and
               the {ACM} {SIGSOFT} Symposium on the Foundations of Software Engineering,
               ESEC/FSE'13, Saint Petersburg, Russian Federation, August 18-26, 2013},
  pages     = {655--658},
  year      = {2013},
  crossref  = {DBLP:conf/sigsoft/2013},
  url       = {http://doi.acm.org/10.1145/2491411.2494587},
  doi       = {10.1145/2491411.2494587},
  timestamp = {Sat, 31 Aug 2013 17:43:06 +0200},
  biburl    = {http://dblp.uni-trier.de/rec/bib/conf/sigsoft/YingR13},
  bibsource = {dblp computer science bibliography, http://dblp.org}
}

@article{DBLP:journals/software/Robillard09,
  author    = {Martin P. Robillard},
  title     = {What Makes APIs Hard to Learn? Answers from Developers},
  journal   = {{IEEE} Software},
  volume    = {26},
  number    = {6},
  pages     = {27--34},
  year      = {2009},
  url       = {http://doi.ieeecomputersociety.org/10.1109/MS.2009.193},
  doi       = {10.1109/MS.2009.193},
  timestamp = {Tue, 08 Dec 2009 12:20:31 +0100},
  biburl    = {http://dblp.uni-trier.de/rec/bib/journals/software/Robillard09},
  bibsource = {dblp computer science bibliography, http://dblp.org}
}

@inproceedings{DBLP:conf/icse/DagenaisR12,
  author    = {Barth{\'{e}}l{\'{e}}my Dagenais and
               Martin P. Robillard},
  title     = {Recovering traceability links between an {API} and its learning resources},
  booktitle = {34th International Conference on Software Engineering, {ICSE} 2012,
               June 2-9, 2012, Zurich, Switzerland},
  pages     = {47--57},
  year      = {2012},
  crossref  = {DBLP:conf/icse/2012},
  url       = {http://dx.doi.org/10.1109/ICSE.2012.6227207},
  doi       = {10.1109/ICSE.2012.6227207},
  timestamp = {Mon, 10 Sep 2012 14:08:11 +0200},
  biburl    = {http://dblp.uni-trier.de/rec/bib/conf/icse/DagenaisR12},
  bibsource = {dblp computer science bibliography, http://dblp.org}
}

@inproceedings{DBLP:conf/icse/Duala-EkokoR12,
  author    = {Ekwa Duala{-}Ekoko and
               Martin P. Robillard},
  title     = {Asking and answering questions about unfamiliar APIs: An exploratory
               study},
  booktitle = {34th International Conference on Software Engineering, {ICSE} 2012,
               June 2-9, 2012, Zurich, Switzerland},
  pages     = {266--276},
  year      = {2012},
  crossref  = {DBLP:conf/icse/2012},
  url       = {http://dx.doi.org/10.1109/ICSE.2012.6227187},
  doi       = {10.1109/ICSE.2012.6227187},
  timestamp = {Mon, 10 Sep 2012 14:08:11 +0200},
  biburl    = {http://dblp.uni-trier.de/rec/bib/conf/icse/Duala-EkokoR12},
  bibsource = {dblp computer science bibliography, http://dblp.org}
}

@inproceedings{DBLP:conf/icse/UddinDR12,
  author    = {Gias Uddin and
               Barth{\'{e}}l{\'{e}}my Dagenais and
               Martin P. Robillard},
  title     = {Temporal analysis of {API} usage concepts},
  booktitle = {34th International Conference on Software Engineering, {ICSE} 2012,
               June 2-9, 2012, Zurich, Switzerland},
  pages     = {804--814},
  year      = {2012},
  crossref  = {DBLP:conf/icse/2012},
  url       = {http://dx.doi.org/10.1109/ICSE.2012.6227138},
  doi       = {10.1109/ICSE.2012.6227138},
  timestamp = {Mon, 10 Sep 2012 14:08:11 +0200},
  biburl    = {http://dblp.uni-trier.de/rec/bib/conf/icse/UddinDR12},
  bibsource = {dblp computer science bibliography, http://dblp.org}
}

@inproceedings{DBLP:conf/kbse/UddinDR11,
  author    = {Gias Uddin and
               Barth{\'{e}}l{\'{e}}my Dagenais and
               Martin P. Robillard},
  title     = {Analyzing temporal {API} usage patterns},
  booktitle = {26th {IEEE/ACM} International Conference on Automated Software Engineering
               {(ASE} 2011), Lawrence, KS, USA, November 6-10, 2011},
  pages     = {456--459},
  year      = {2011},
  crossref  = {DBLP:conf/kbse/2011},
  url       = {http://dx.doi.org/10.1109/ASE.2011.6100098},
  doi       = {10.1109/ASE.2011.6100098},
  timestamp = {Wed, 14 Dec 2011 16:30:57 +0100},
  biburl    = {http://dblp.uni-trier.de/rec/bib/conf/kbse/UddinDR11},
  bibsource = {dblp computer science bibliography, http://dblp.org}
}

@inproceedings{DBLP:conf/icse/DagenaisR08,
  author    = {Barth{\'{e}}l{\'{e}}my Dagenais and
               Martin P. Robillard},
  title     = {Recommending adaptive changes for framework evolution},
  booktitle = {30th International Conference on Software Engineering {(ICSE} 2008),
               Leipzig, Germany, May 10-18, 2008},
  pages     = {481--490},
  year      = {2008},
  crossref  = {DBLP:conf/icse/2008},
  url       = {http://doi.acm.org/10.1145/1368088.1368154},
  doi       = {10.1145/1368088.1368154},
  timestamp = {Tue, 23 Sep 2008 09:00:49 +0200},
  biburl    = {http://dblp.uni-trier.de/rec/bib/conf/icse/DagenaisR08},
  bibsource = {dblp computer science bibliography, http://dblp.org}
}

@article{DBLP:journals/tse/SchaferTST12,
  author    = {Max Sch{\"{a}}fer and
               Andreas Thies and
               Friedrich Steimann and
               Frank Tip},
  title     = {A Comprehensive Approach to Naming and Accessibility in Refactoring
               Java Programs},
  journal   = {{IEEE} Trans. Software Eng.},
  volume    = {38},
  number    = {6},
  pages     = {1233--1257},
  year      = {2012},
  url       = {http://doi.ieeecomputersociety.org/10.1109/TSE.2012.13},
  doi       = {10.1109/TSE.2012.13},
  timestamp = {Mon, 03 Dec 2012 15:10:50 +0100},
  biburl    = {http://dblp.uni-trier.de/rec/bib/journals/tse/SchaferTST12},
  bibsource = {dblp computer science bibliography, http://dblp.org}
}


## Kathryn

@inproceedings{DBLP:conf/oopsla/SonMS11,
  author    = {Sooel Son and
               Kathryn S. McKinley and
               Vitaly Shmatikov},
  title     = {RoleCast: finding missing security checks when you do not know what
               checks are},
  booktitle = {Proceedings of the 26th Annual {ACM} {SIGPLAN} Conference on Object-Oriented
               Programming, Systems, Languages, and Applications, {OOPSLA} 2011,
               part of {SPLASH} 2011, Portland, OR, USA, October 22 - 27, 2011},
  pages     = {1069--1084},
  year      = {2011},
  crossref  = {DBLP:conf/oopsla/2011},
  url       = {http://doi.acm.org/10.1145/2048066.2048146},
  doi       = {10.1145/2048066.2048146},
  timestamp = {Tue, 25 Oct 2011 20:48:58 +0200},
  biburl    = {http://dblp.uni-trier.de/rec/bib/conf/oopsla/SonMS11},
  bibsource = {dblp computer science bibliography, http://dblp.org}
}

@inproceedings{DBLP:conf/pldi/SrivastavaBMS11,
  author    = {Varun Srivastava and
               Michael D. Bond and
               Kathryn S. McKinley and
               Vitaly Shmatikov},
  title     = {A security policy oracle: detecting security holes using multiple
               {API} implementations},
  booktitle = {Proceedings of the 32nd {ACM} {SIGPLAN} Conference on Programming
               Language Design and Implementation, {PLDI} 2011, San Jose, CA, USA,
               June 4-8, 2011},
  pages     = {343--354},
  year      = {2011},
  crossref  = {DBLP:conf/pldi/2011},
  url       = {http://doi.acm.org/10.1145/1993498.1993539},
  doi       = {10.1145/1993498.1993539},
  timestamp = {Tue, 07 Jun 2011 16:07:38 +0200},
  biburl    = {http://dblp.uni-trier.de/rec/bib/conf/pldi/SrivastavaBMS11},
  bibsource = {dblp computer science bibliography, http://dblp.org}
}

@inproceedings{DBLP:conf/pldi/RaychevVY14,
  author    = {Veselin Raychev and
               Martin T. Vechev and
               Eran Yahav},
  title     = {Code completion with statistical language models},
  booktitle = {{ACM} {SIGPLAN} Conference on Programming Language Design and Implementation,
               {PLDI} '14, Edinburgh, United Kingdom - June 09 - 11, 2014},
  pages     = {44},
  year      = {2014},
  crossref  = {DBLP:conf/pldi/2014},
  url       = {http://doi.acm.org/10.1145/2594291.2594321},
  doi       = {10.1145/2594291.2594321},
  timestamp = {Sat, 10 May 2014 14:18:27 +0200},
  biburl    = {http://dblp.uni-trier.de/rec/bib/conf/pldi/RaychevVY14},
  bibsource = {dblp computer science bibliography, http://dblp.org}
}


@inproceedings{DBLP:conf/sigsoft/RayPFD14,
  author    = {Baishakhi Ray and
               Daryl Posnett and
               Vladimir Filkov and
               Premkumar T. Devanbu},
  title     = {A large scale study of programming languages and code quality in github},
  booktitle = {Proceedings of the 22nd {ACM} {SIGSOFT} International Symposium on
               Foundations of Software Engineering, (FSE-22), Hong Kong, China, November
               16 - 22, 2014},
  pages     = {155--165},
  year      = {2014},
  crossref  = {DBLP:conf/sigsoft/2014},
  url       = {http://doi.acm.org/10.1145/2635868.2635922},
  doi       = {10.1145/2635868.2635922},
  timestamp = {Fri, 07 Nov 2014 13:02:02 +0100},
  biburl    = {http://dblp.uni-trier.de/rec/bib/conf/sigsoft/RayPFD14},
  bibsource = {dblp computer science bibliography, http://dblp.org}
}

@article{DBLP:journals/tse/EickGKMM01,
  author    = {Stephen G. Eick and
               Todd L. Graves and
               Alan F. Karr and
               J. S. Marron and
               Audris Mockus},
  title     = {Does Code Decay? Assessing the Evidence from Change Management Data},
  journal   = {{IEEE} Trans. Software Eng.},
  volume    = {27},
  number    = {1},
  pages     = {1--12},
  year      = {2001},
  url       = {http://doi.ieeecomputersociety.org/10.1109/32.895984},
  doi       = {10.1109/32.895984},
  timestamp = {Mon, 07 Nov 2011 16:59:25 +0100},
  biburl    = {http://dblp.uni-trier.de/rec/bib/journals/tse/EickGKMM01},
  bibsource = {dblp computer science bibliography, http://dblp.org}
}

## Stefan 
@inproceedings{DBLP:conf/iwpc/PetersenHR14,
  author    = {Pujan Petersen and
               Stefan Hanenberg and
               Romain Robbes},
  title     = {An empirical comparison of static and dynamic type systems on {API}
               usage in the presence of an {IDE:} Java vs. groovy with eclipse},
  booktitle = {22nd International Conference on Program Comprehension, {ICPC} 2014,
               Hyderabad, India, June 2-3, 2014},
  pages     = {212--222},
  year      = {2014},
  crossref  = {DBLP:conf/iwpc/2014},
  url       = {http://doi.acm.org/10.1145/2597008.2597152},
  doi       = {10.1145/2597008.2597152},
  timestamp = {Mon, 19 May 2014 08:41:29 +0200},
  biburl    = {http://dblp.uni-trier.de/rec/bib/conf/iwpc/PetersenHR14},
  bibsource = {dblp computer science bibliography, http://dblp.org}
}

@inproceedings{DBLP:conf/icse/EndrikatHRS14,
  author    = {Stefan Endrikat and
               Stefan Hanenberg and
               Romain Robbes and
               Andreas Stefik},
  title     = {How do {API} documentation and static typing affect {API} usability?},
  booktitle = {36th International Conference on Software Engineering, {ICSE} '14,
               Hyderabad, India - May 31 - June 07, 2014},
  pages     = {632--642},
  year      = {2014},
  crossref  = {DBLP:conf/icse/2014},
  url       = {http://doi.acm.org/10.1145/2568225.2568299},
  doi       = {10.1145/2568225.2568299},
  timestamp = {Sun, 18 May 2014 16:12:57 +0200},
  biburl    = {http://dblp.uni-trier.de/rec/bib/conf/icse/EndrikatHRS14},
  bibsource = {dblp computer science bibliography, http://dblp.org}
}


@inproceedings{DBLP:conf/kbse/ZhangZE11,
  author    = {Sai Zhang and
               Cheng Zhang and
               Michael D. Ernst},
  title     = {Automated documentation inference to explain failed tests},
  booktitle = {26th {IEEE/ACM} International Conference on Automated Software Engineering
               {(ASE} 2011), Lawrence, KS, USA, November 6-10, 2011},
  pages     = {63--72},
  year      = {2011},
  crossref  = {DBLP:conf/kbse/2011},
  url       = {http://dx.doi.org/10.1109/ASE.2011.6100145},
  doi       = {10.1109/ASE.2011.6100145},
  timestamp = {Wed, 14 Dec 2011 16:30:57 +0100},
  biburl    = {http://dblp.uni-trier.de/rec/bib/conf/kbse/ZhangZE11},
  bibsource = {dblp computer science bibliography, http://dblp.org}
}

@inproceedings{DBLP:conf/wcre/ZibranER11,
  author    = {Minhaz F. Zibran and
               Farjana Zebin Eishita and
               Chanchal K. Roy},
  title     = {Useful, But Usable? Factors Affecting the Usability of APIs},
  booktitle = {18th Working Conference on Reverse Engineering, {WCRE} 2011, Limerick,
               Ireland, October 17-20, 2011},
  pages     = {151--155},
  year      = {2011},
  crossref  = {DBLP:conf/wcre/2011},
  url       = {http://doi.ieeecomputersociety.org/10.1109/WCRE.2011.26},
  doi       = {10.1109/WCRE.2011.26},
  timestamp = {Fri, 25 Nov 2011 10:37:57 +0100},
  biburl    = {http://dblp.uni-trier.de/rec/bib/conf/wcre/ZibranER11},
  bibsource = {dblp computer science bibliography, http://dblp.org}
}
