
%%%%%%%%%Nguyen %%%%%%
%%duplicate
@ARTICLE{nguyen:evolve,
  author = "Hoan Anh Nguyen and Anh Tuan Nguyen and Tung Thanh Nguyen and Tien N. Nguyen and Hridesh Rajan",
  title = "A Study of Repetitiveness of Code Changes in Software Evolution",
 JOURNAL  = {ASE 2013},
  year = {2013}}
  	@ARTICLE{nguyen:api,
	AUTHOR = "Hoan Anh Nguyen and Tung Thanh Nguyen and Gary Wilson and Jr. and Anh Tuan Nguyen and Miryung Kim and Tien N. Nguyen",
	TITLE = "A graph-based approach to API usage adaptation",
	JOURNAL = "OOPSLA 2010",
	PAGES = {302-321},
	YEAR = {2010}	}
%%%Duplicate end	
	
@inproceedings{nguyen:cleman08,
  author    = {Tung Thanh Nguyen and
               Hoan Anh Nguyen and
               Nam H. Pham and
               Jafar M. Al-Kofahi and
               Tien N. Nguyen},
  title     = {Cleman: Comprehensive Clone Group Evolution Management},
  booktitle = {ASE},
  year      = {2008},
  pages     = {451-454},
}

@article{nguyen:ast12,
  author    = {Hoan Anh Nguyen and
               Tung Thanh Nguyen and
               Nam H. Pham and
               Jafar M. Al-Kofahi and
               Tien N. Nguyen},
  title     = {Clone Management for Evolving Software},
  journal   = {IEEE Trans. Software Eng.},
  volume    = {38},
  number    = {5},
  year      = {2012},
  pages     = {1008-1026},
}

@inproceedings{nguyen:grapacc12,
  author    = {Anh Tuan Nguyen and
               Hoan Anh Nguyen and
               Tung Thanh Nguyen and
               Tien N. Nguyen},
  title     = {GraPacc: A graph-based pattern-oriented, context-sensitive
               code completion tool},
  booktitle = {ICSE},
  year      = {2012},
  pages     = {1407-1410},
}

@inproceedings{nguyen:ast13,
  author    = {Hoan Anh Nguyen and
               Anh Tuan Nguyen and
               Tung Thanh Nguyen and
               Tien N. Nguyen and
               Hridesh Rajan},
  title     = {A study of repetitiveness of code changes in software evolution},
  booktitle = {ASE},
  year      = {2013},
  pages     = {180-190},
}

@inproceedings{nguyen:graph12,
  author    = {Anh Tuan Nguyen and
               Tung Thanh Nguyen and
               Hoan Anh Nguyen and
               Ahmed Tamrawi and
               Hung Viet Nguyen and
               Jafar M. Al-Kofahi and
               Tien N. Nguyen},
  title     = {Graph-based pattern-oriented, context-sensitive source code
               completion},
  booktitle = {ICSE},
  year      = {2012},
  pages     = {69-79},
}


@inproceedings{DBLP:conf/icse/NguyenNPAN10,
  author    = {Tung Thanh Nguyen and
               Hoan Anh Nguyen and
               Nam H. Pham and
               Jafar M. Al-Kofahi and
               Tien N. Nguyen},
  title     = {Recurring bug fixes in object-oriented programs},
  booktitle = {ICSE (1)},
  year      = {2010},
  pages     = {315-324},
}


%%%%%%Zhendong Su
@inproceedings{su:deckard07,
  author    = {Lingxiao Jiang and
               Ghassan Misherghi and
               Zhendong Su and
               St{\'e}phane Glondu},
  title     = {DECKARD: Scalable and Accurate Tree-Based Detection of Code
               Clones},
  booktitle = {ICSE},
  year      = {2007},
  pages     = {96-105},
}
@inproceedings{su:clonebug08,
  author    = {Mark Gabel and
               Lingxiao Jiang and
               Zhendong Su},
  title     = {Scalable detection of semantic clones},
  booktitle = {ICSE},
  year      = {2008},
  pages     = {321-330},
}
@inproceedings{DBLP:conf/sigsoft/GabelS10,
  author    = {Mark Gabel and
               Zhendong Su},
  title     = {A study of the uniqueness of source code},
  booktitle = {SIGSOFT FSE},
  year      = {2010},
  pages     = {147-156},
}



@inproceedings{su:clonebug07,
  author    = {Lingxiao Jiang and
               Zhendong Su and
               Edwin Chiu},
  title     = {Context-based detection of clone-related bugs},
  booktitle = {ESEC/SIGSOFT FSE},
  year      = {2007},
  pages     = {55-64},
}

@inproceedings{gabel:dejavu10,
  author    = {Mark Gabel and
               Junfeng Yang and
               Yuan Yu and
               Mois{\'e}s Goldszmidt and
               Zhendong Su},
  title     = {Scalable and systematic detection of buggy inconsistencies
               in source code},
  booktitle = {OOPSLA},
  year      = {2010},
  pages     = {175-190},
}


%%%CP-Miner
@article{li:cpminer06,
  author    = {Zhenmin Li and
               Shan Lu and
               Suvda Myagmar and
               Yuanyuan Zhou},
  title     = {CP-Miner: Finding Copy-Paste and Related Bugs in Large-Scale
               Software Code},
  journal   = {IEEE Trans. Software Eng.},
  volume    = {32},
  number    = {3},
  year      = {2006},
  pages     = {176-192},
}



%%%%%%Xiaoyin Wang
@inproceedings{meng:evolveHistory12,
  author    = {Sichen Meng and
               Xiaoyin Wang and
               Lu Zhang and
               Hong Mei},
  title     = {A history-based matching approach to identification of framework
               evolution},
  booktitle = {ICSE},
  year      = {2012},
  pages     = {353-363},
}

%%%%%%%%%%%%Wenyun Zhao
@inproceedings{zhang:ccevent13,
  author    = {Gang Zhang and
               Xin Peng and
               Zhenchang Xing and
               Shihai Jiang and
               Hai Wang and
               Wenyun Zhao},
  title     = {Towards contextual and on-demand code clone management by
               continuous monitoring},
  booktitle = {ASE},
  year      = {2013},
  pages     = {497-507},
}
%%%Copy and Paste
@inproceedings{stolee:cap09,
  author    = {Kathryn T. Stolee and
               Sebastian G. Elbaum and
               Gregg Rothermel},
  title     = {Revealing the copy and paste habits of end users},
  booktitle = {VL/HCC},
  year      = {2009},
  pages     = {59-66},
}
%%%%%Cordy	
		@ARTICLE{cordy:scatter,
	AUTHOR = "James R. Cordy",
	TITLE = "Exploring Large-Scale System Similarity Using Incremental Clone Detection and Live Scatterplots",
	JOURNAL = "ICPC 2011",
	PAGES = {151-160},
	YEAR = {2011}	}
	
	%%%%%%Joblonski
	@inproceedings{jablonski:cloneaware10,
  author    = {Patricia Jablonski and
               Daqing Hou},
  title     = {Aiding Software Maintenance with Copy-and-Paste Clone-Awareness},
  booktitle = {ICPC},
  year      = {2010},
  pages     = {170-179},
}

@inproceedings{jablonski:cren07,
  author    = {Patricia Jablonski and
               Daqing Hou},
  title     = {CReN: a tool for tracking copy-and-paste code clones and
               renaming identifiers consistently in the IDE},
  booktitle = {ETX},
  year      = {2007},
  pages     = {16-20},
}

@inproceedings{jablonski:renameconsist10,
  author    = {Patricia Jablonski and
               Daqing Hou},
  title     = {Renaming Parts of Identifiers Consistently within Code Clones},
  booktitle = {ICPC},
  year      = {2010},
  pages     = {38-39},
}


@inproceedings{jablonski:cloneeditor10,
  author    = {Ferosh Jacob and
               Daqing Hou and
               Patricia Jablonski},
  title     = {Actively comparing clones inside the code editor},
  booktitle = {IWSC},
  year      = {2010},
  pages     = {9-16},
  }


%%%%%Scatter
@inproceedings{niko:hotclone12,
  author    = {Niko Schwarz},
  title     = {Hot clones: Combining search-driven development, clone management,
               and code provenance},
  booktitle = {ICSE},
  year      = {2012},
  pages     = {1628-1629},
}

@inproceedings{wit:cloneboard09,
  author    = {Michiel de Wit and
               Andy Zaidman and
               Arie van Deursen},
  title     = {Managing code clones using dynamic change tracking and resolution},
  booktitle = {ICSM},
  year      = {2009},
  pages     = {169-178},
}
%%%%%Clone Tracker
@inproceedings{ekwa:clonetracker08,
  author    = {Ekwa Duala-Ekoko and
               Martin P. Robillard},
  title     = {Clonetracker: tool support for code clone management},
  booktitle = {ICSE},
  year      = {2008},
  pages     = {843-846},
}
@inproceedings{ekwa:clonetracker07,
  author    = {Ekwa Duala-Ekoko and
               Martin P. Robillard},
  title     = {Tracking Code Clones in Evolving Software},
  booktitle = {ICSE},
  year      = {2007},
  pages     = {158-167},
}

@inproceedings{gabel:inconsistence10,
  author    = {Mark Gabel and
               Junfeng Yang and
               Yuan Yu and
               Mois{\'e}s Goldszmidt and
               Zhendong Su},
  title     = {Scalable and systematic detection of buggy inconsistencies
               in source code},
  booktitle = {OOPSLA},
  year      = {2010},
  pages     = {175-190},
}
