## Miltiadis allamanis

@inproceedings{DBLP:conf/sigsoft/AllamanisBBS14,
  author    = {Miltiadis Allamanis and
               Earl T. Barr and
               Christian Bird and
               Charles A. Sutton},
  title     = {Learning natural coding conventions},
  booktitle = {Proceedings of the 22nd {ACM} {SIGSOFT} International Symposium on
               Foundations of Software Engineering, (FSE-22), Hong Kong, China, November
               16 - 22, 2014},
  pages     = {281--293},
  year      = {2014},
  crossref  = {DBLP:conf/sigsoft/2014},
  url       = {http://doi.acm.org/10.1145/2635868.2635883},
  doi       = {10.1145/2635868.2635883},
  timestamp = {Fri, 07 Nov 2014 13:02:02 +0100},
  biburl    = {http://dblp.uni-trier.de/rec/bib/conf/sigsoft/AllamanisBBS14},
  bibsource = {dblp computer science bibliography, http://dblp.org}
}

@inproceedings{DBLP:conf/sigsoft/AllamanisS14,
  author    = {Miltiadis Allamanis and
               Charles A. Sutton},
  title     = {Mining idioms from source code},
  booktitle = {Proceedings of the 22nd {ACM} {SIGSOFT} International Symposium on
               Foundations of Software Engineering, (FSE-22), Hong Kong, China, November
               16 - 22, 2014},
  pages     = {472--483},
  year      = {2014},
  crossref  = {DBLP:conf/sigsoft/2014},
  url       = {http://doi.acm.org/10.1145/2635868.2635901},
  doi       = {10.1145/2635868.2635901},
  timestamp = {Fri, 07 Nov 2014 13:02:02 +0100},
  biburl    = {http://dblp.uni-trier.de/rec/bib/conf/sigsoft/AllamanisS14},
  bibsource = {dblp computer science bibliography, http://dblp.org}
}

@inproceedings{DBLP:conf/msr/AllamanisS13,
  author    = {Miltiadis Allamanis and
               Charles A. Sutton},
  title     = {Why, when, and what: analyzing stack overflow questions by topic,
               type, and code},
  booktitle = {Proceedings of the 10th Working Conference on Mining Software Repositories,
               {MSR} '13, San Francisco, CA, USA, May 18-19, 2013},
  pages     = {53--56},
  year      = {2013},
  crossref  = {DBLP:conf/msr/2013},
  url       = {http://dl.acm.org/citation.cfm?id=2487098},
  timestamp = {Thu, 05 Dec 2013 17:22:19 +0100},
  biburl    = {http://dblp.uni-trier.de/rec/bib/conf/msr/AllamanisS13},
  bibsource = {dblp computer science bibliography, http://dblp.org}
}

@inproceedings{DBLP:conf/msr/AllamanisS13a,
  author    = {Miltiadis Allamanis and
               Charles A. Sutton},
  title     = {Mining source code repositories at massive scale using language modeling},
  booktitle = {Proceedings of the 10th Working Conference on Mining Software Repositories,
               {MSR} '13, San Francisco, CA, USA, May 18-19, 2013},
  pages     = {207--216},
  year      = {2013},
  crossref  = {DBLP:conf/msr/2013},
  url       = {http://dl.acm.org/citation.cfm?id=2487127},
  timestamp = {Thu, 05 Dec 2013 17:22:19 +0100},
  biburl    = {http://dblp.uni-trier.de/rec/bib/conf/msr/AllamanisS13a},
  bibsource = {dblp computer science bibliography, http://dblp.org}
}




@inproceedings{DBLP:conf/sigsoft/HigoK14,
  author    = {Yoshiki Higo and
               Shinji Kusumoto},
  title     = {How should we measure functional sameness from program source code?
               an exploratory study on Java methods},
  booktitle = {Proceedings of the 22nd {ACM} {SIGSOFT} International Symposium on
               Foundations of Software Engineering, (FSE-22), Hong Kong, China, November
               16 - 22, 2014},
  pages     = {294--305},
  year      = {2014},
  crossref  = {DBLP:conf/sigsoft/2014},
  url       = {http://doi.acm.org/10.1145/2635868.2635886},
  doi       = {10.1145/2635868.2635886},
  timestamp = {Fri, 07 Nov 2014 13:02:02 +0100},
  biburl    = {http://dblp.uni-trier.de/rec/bib/conf/sigsoft/HigoK14},
  bibsource = {dblp computer science bibliography, http://dblp.org}
}

@inproceedings{DBLP:conf/csmr/ArnaoudovaPAG13,
  author    = {Venera Arnaoudova and
               Massimiliano Di Penta and
               Giuliano Antoniol and
               Yann{-}Ga{\"{e}}l Gu{\'{e}}h{\'{e}}neuc},
  title     = {A New Family of Software Anti-patterns: Linguistic Anti-patterns},
  booktitle = {17th European Conference on Software Maintenance and Reengineering,
               {CSMR} 2013, Genova, Italy, March 5-8, 2013},
  pages     = {187--196},
  year      = {2013},
  crossref  = {DBLP:conf/csmr/2013},
  url       = {http://dx.doi.org/10.1109/CSMR.2013.28},
  doi       = {10.1109/CSMR.2013.28},
  timestamp = {Tue, 25 Nov 2014 17:05:17 +0100},
  biburl    = {http://dblp.uni-trier.de/rec/bib/conf/csmr/ArnaoudovaPAG13},
  bibsource = {dblp computer science bibliography, http://dblp.org}
}

%%%%Lori Pollock

@article{DBLP:journals/ese/HillBLPV14,
  author    = {Emily Hill and
               David Binkley and
               Dawn J. Lawrie and
               Lori L. Pollock and
               K. Vijay{-}Shanker},
  title     = {An empirical study of identifier splitting techniques},
  journal   = {Empirical Software Engineering},
  volume    = {19},
  number    = {6},
  pages     = {1754--1780},
  year      = {2014},
  url       = {http://dx.doi.org/10.1007/s10664-013-9261-0},
  doi       = {10.1007/s10664-013-9261-0},
  timestamp = {Thu, 16 Oct 2014 12:14:09 +0200},
  biburl    = {http://dblp.uni-trier.de/rec/bib/journals/ese/HillBLPV14},
  bibsource = {dblp computer science bibliography, http://dblp.org}
}

@inproceedings{DBLP:conf/iwpc/GuptaMPV13,
  author    = {Samir Gupta and
               Sana Malik and
               Lori L. Pollock and
               K. Vijay{-}Shanker},
  title     = {Part-of-speech tagging of program identifiers for improved text-based
               software engineering tools},
  booktitle = {{IEEE} 21st International Conference on Program Comprehension, {ICPC}
               2013, San Francisco, CA, USA, 20-21 May, 2013},
  pages     = {3--12},
  year      = {2013},
  crossref  = {DBLP:conf/iwpc/2013},
  url       = {http://dx.doi.org/10.1109/ICPC.2013.6613828},
  doi       = {10.1109/ICPC.2013.6613828},
  timestamp = {Fri, 07 Nov 2014 14:52:56 +0100},
  biburl    = {http://dblp.uni-trier.de/rec/bib/conf/iwpc/GuptaMPV13},
  bibsource = {dblp computer science bibliography, http://dblp.org}
}

@inproceedings{DBLP:conf/iwpc/MorenoASMPV13,
  author    = {Laura Moreno and
               Jairo Aponte and
               Giriprasad Sridhara and
               Andrian Marcus and
               Lori L. Pollock and
               K. Vijay{-}Shanker},
  title     = {Automatic generation of natural language summaries for Java classes},
  booktitle = {{IEEE} 21st International Conference on Program Comprehension, {ICPC}
               2013, San Francisco, CA, USA, 20-21 May, 2013},
  pages     = {23--32},
  year      = {2013},
  crossref  = {DBLP:conf/iwpc/2013},
  url       = {http://dx.doi.org/10.1109/ICPC.2013.6613830},
  doi       = {10.1109/ICPC.2013.6613830},
  timestamp = {Fri, 07 Nov 2014 14:52:58 +0100},
  biburl    = {http://dblp.uni-trier.de/rec/bib/conf/iwpc/MorenoASMPV13},
  bibsource = {dblp computer science bibliography, http://dblp.org}
}

@inproceedings{DBLP:conf/iwpc/MorenoMPV13,
  author    = {Laura Moreno and
               Andrian Marcus and
               Lori L. Pollock and
               K. Vijay{-}Shanker},
  title     = {JSummarizer: An automatic generator of natural language summaries
               for Java classes},
  booktitle = {{IEEE} 21st International Conference on Program Comprehension, {ICPC}
               2013, San Francisco, CA, USA, 20-21 May, 2013},
  pages     = {230--232},
  year      = {2013},
  crossref  = {DBLP:conf/iwpc/2013},
  url       = {http://dx.doi.org/10.1109/ICPC.2013.6613855},
  doi       = {10.1109/ICPC.2013.6613855},
  timestamp = {Fri, 07 Nov 2014 14:52:58 +0100},
  biburl    = {http://dblp.uni-trier.de/rec/bib/conf/iwpc/MorenoMPV13},
  bibsource = {dblp computer science bibliography, http://dblp.org}
}
@inproceedings{DBLP:conf/msr/HowardGPV13,
  author    = {Matthew J. Howard and
               Samir Gupta and
               Lori L. Pollock and
               K. Vijay{-}Shanker},
  title     = {Automatically mining software-based, semantically-similar words from
               comment-code mappings},
  booktitle = {Proceedings of the 10th Working Conference on Mining Software Repositories,
               {MSR} '13, San Francisco, CA, USA, May 18-19, 2013},
  pages     = {377--386},
  year      = {2013},
  crossref  = {DBLP:conf/msr/2013},
  url       = {http://dl.acm.org/citation.cfm?id=2487155},
  timestamp = {Thu, 05 Dec 2013 17:22:19 +0100},
  biburl    = {http://dblp.uni-trier.de/rec/bib/conf/msr/HowardGPV13},
  bibsource = {dblp computer science bibliography, http://dblp.org}
}
@inproceedings{DBLP:conf/icsm/Pollock12,
  author    = {Lori L. Pollock},
  title     = {Leveraging natural language analysis of software: Achievements, challenges,
               and opportunities},
  booktitle = {28th {IEEE} International Conference on Software Maintenance, {ICSM}
               2012, Trento, Italy, September 23-28, 2012},
  pages     = {4},
  year      = {2012},
  crossref  = {DBLP:conf/icsm/2012},
  url       = {http://doi.ieeecomputersociety.org/10.1109/ICSM.2012.6405245},
  doi       = {10.1109/ICSM.2012.6405245},
  timestamp = {Mon, 14 Jan 2013 14:23:29 +0100},
  biburl    = {http://dblp.uni-trier.de/rec/bib/conf/icsm/Pollock12},
  bibsource = {dblp computer science bibliography, http://dblp.org}
}

@inproceedings{DBLP:conf/icse/HillPV09,
  author    = {Emily Hill and
               Lori L. Pollock and
               K. Vijay{-}Shanker},
  title     = {Automatically capturing source code context of NL-queries for software
               maintenance and reuse},
  booktitle = {31st International Conference on Software Engineering, {ICSE} 2009,
               May 16-24, 2009, Vancouver, Canada, Proceedings},
  pages     = {232--242},
  year      = {2009},
  crossref  = {DBLP:conf/icse/2009},
  url       = {http://dx.doi.org/10.1109/ICSE.2009.5070524},
  doi       = {10.1109/ICSE.2009.5070524},
  timestamp = {Tue, 16 Jun 2009 14:50:36 +0200},
  biburl    = {http://dblp.uni-trier.de/rec/bib/conf/icse/HillPV09},
  bibsource = {dblp computer science bibliography, http://dblp.org}
}


@inproceedings{DBLP:conf/icse/SridharaPV11,
  author    = {Giriprasad Sridhara and
               Lori L. Pollock and
               K. Vijay{-}Shanker},
  title     = {Automatically detecting and describing high level actions within methods},
  booktitle = {Proceedings of the 33rd International Conference on Software Engineering,
               {ICSE} 2011, Waikiki, Honolulu , HI, USA, May 21-28, 2011},
  pages     = {101--110},
  year      = {2011},
  crossref  = {DBLP:conf/icse/2011},
  url       = {http://doi.acm.org/10.1145/1985793.1985808},
  doi       = {10.1145/1985793.1985808},
  timestamp = {Sat, 28 Jan 2012 17:07:02 +0100},
  biburl    = {http://dblp.uni-trier.de/rec/bib/conf/icse/SridharaPV11},
  bibsource = {dblp computer science bibliography, http://dblp.org}
}

@inproceedings{DBLP:conf/wcre/HaiducAMM10,
  author    = {Sonia Haiduc and
               Jairo Aponte and
               Laura Moreno and
               Andrian Marcus},
  title     = {On the Use of Automated Text Summarization Techniques for Summarizing
               Source Code},
  booktitle = {17th Working Conference on Reverse Engineering, {WCRE} 2010, 13-16
               October 2010, Beverly, MA, {USA}},
  pages     = {35--44},
  year      = {2010},
  crossref  = {DBLP:conf/wcre/2010},
  url       = {http://dx.doi.org/10.1109/WCRE.2010.13},
  doi       = {10.1109/WCRE.2010.13},
  timestamp = {Mon, 13 Dec 2010 11:55:37 +0100},
  biburl    = {http://dblp.uni-trier.de/rec/bib/conf/wcre/HaiducAMM10},
  bibsource = {dblp computer science bibliography, http://dblp.org}
}

@inproceedings{DBLP:conf/kbse/SridharaHMPV10,
  author    = {Giriprasad Sridhara and
               Emily Hill and
               Divya Muppaneni and
               Lori L. Pollock and
               K. Vijay{-}Shanker},
  title     = {Towards automatically generating summary comments for Java methods},
  booktitle = {{ASE} 2010, 25th {IEEE/ACM} International Conference on Automated
               Software Engineering, Antwerp, Belgium, September 20-24, 2010},
  pages     = {43--52},
  year      = {2010},
  crossref  = {DBLP:conf/kbse/2010},
  url       = {http://doi.acm.org/10.1145/1858996.1859006},
  doi       = {10.1145/1858996.1859006},
  timestamp = {Sat, 25 Sep 2010 13:52:22 +0200},
  biburl    = {http://dblp.uni-trier.de/rec/bib/conf/kbse/SridharaHMPV10},
  bibsource = {dblp computer science bibliography, http://dblp.org}
}

@inproceedings{DBLP:conf/msr/EnslenHPV09,
  author    = {Eric Enslen and
               Emily Hill and
               Lori L. Pollock and
               K. Vijay{-}Shanker},
  title     = {Mining source code to automatically split identifiers for software
               analysis},
  booktitle = {Proceedings of the 6th International Working Conference on Mining
               Software Repositories, {MSR} 2009 (Co-located with ICSE), Vancouver,
               BC, Canada, May 16-17, 2009, Proceedings},
  pages     = {71--80},
  year      = {2009},
  crossref  = {DBLP:conf/msr/2009},
  url       = {http://dx.doi.org/10.1109/MSR.2009.5069482},
  doi       = {10.1109/MSR.2009.5069482},
  timestamp = {Wed, 26 May 2010 11:58:56 +0200},
  biburl    = {http://dblp.uni-trier.de/rec/bib/conf/msr/EnslenHPV09},
  bibsource = {dblp computer science bibliography, http://dblp.org}
}

@inproceedings{DBLP:conf/msr/HillFBSNPV08,
  author    = {Emily Hill and
               Zachary P. Fry and
               Haley Boyd and
               Giriprasad Sridhara and
               Yana Novikova and
               Lori L. Pollock and
               K. Vijay{-}Shanker},
  title     = {{AMAP:} automatically mining abbreviation expansions in programs to
               enhance software maintenance tools},
  booktitle = {Proceedings of the 2008 International Working Conference on Mining
               Software Repositories, {MSR} 2008 (Co-located with ICSE), Leipzig,
               Germany, May 10-11, 2008, Proceedings},
  pages     = {79--88},
  year      = {2008},
  crossref  = {DBLP:conf/msr/2008},
  url       = {http://doi.acm.org/10.1145/1370750.1370771},
  doi       = {10.1145/1370750.1370771},
  timestamp = {Fri, 11 Sep 2009 11:12:27 +0200},
  biburl    = {http://dblp.uni-trier.de/rec/bib/conf/msr/HillFBSNPV08},
  bibsource = {dblp computer science bibliography, http://dblp.org}
}


@inproceedings{DBLP:conf/csmr/ArnaoudovaPAG13,
  author    = {Venera Arnaoudova and
               Massimiliano Di Penta and
               Giuliano Antoniol and
               Yann{-}Ga{\"{e}}l Gu{\'{e}}h{\'{e}}neuc},
  title     = {A New Family of Software Anti-patterns: Linguistic Anti-patterns},
  booktitle = {17th European Conference on Software Maintenance and Reengineering,
               {CSMR} 2013, Genova, Italy, March 5-8, 2013},
  pages     = {187--196},
  year      = {2013},
  crossref  = {DBLP:conf/csmr/2013},
  url       = {http://dx.doi.org/10.1109/CSMR.2013.28},
  doi       = {10.1109/CSMR.2013.28},
  timestamp = {Tue, 25 Nov 2014 17:05:17 +0100},
  biburl    = {http://dblp.uni-trier.de/rec/bib/conf/csmr/ArnaoudovaPAG13},
  bibsource = {dblp computer science bibliography, http://dblp.org}
}


@inproceedings{DBLP:conf/iwpc/MorenoASMPV13,
  author    = {Laura Moreno and
               Jairo Aponte and
               Giriprasad Sridhara and
               Andrian Marcus and
               Lori L. Pollock and
               K. Vijay{-}Shanker},
  title     = {Automatic generation of natural language summaries for Java classes},
  booktitle = {{IEEE} 21st International Conference on Program Comprehension, {ICPC}
               2013, San Francisco, CA, USA, 20-21 May, 2013},
  pages     = {23--32},
  year      = {2013},
  crossref  = {DBLP:conf/iwpc/2013},
  url       = {http://dx.doi.org/10.1109/ICPC.2013.6613830},
  doi       = {10.1109/ICPC.2013.6613830},
  timestamp = {Fri, 07 Nov 2014 14:52:58 +0100},
  biburl    = {http://dblp.uni-trier.de/rec/bib/conf/iwpc/MorenoASMPV13},
  bibsource = {dblp computer science bibliography, http://dblp.org}
}


@article{DBLP:journals/ese/HillBLPV14,
  author    = {Emily Hill and
               David Binkley and
               Dawn J. Lawrie and
               Lori L. Pollock and
               K. Vijay{-}Shanker},
  title     = {An empirical study of identifier splitting techniques},
  journal   = {Empirical Software Engineering},
  volume    = {19},
  number    = {6},
  pages     = {1754--1780},
  year      = {2014},
  url       = {http://dx.doi.org/10.1007/s10664-013-9261-0},
  doi       = {10.1007/s10664-013-9261-0},
  timestamp = {Thu, 16 Oct 2014 12:14:09 +0200},
  biburl    = {http://dblp.uni-trier.de/rec/bib/journals/ese/HillBLPV14},
  bibsource = {dblp computer science bibliography, http://dblp.org}
}


%%%%Giuliano Antoniol 

@article{DBLP:journals/smr/GuerroujPAG13,
  author    = {Latifa Guerrouj and
               Massimiliano Di Penta and
               Giuliano Antoniol and
               Yann{-}Ga{\"{e}}l Gu{\'{e}}h{\'{e}}neuc},
  title     = {{TIDIER:} an identifier splitting approach using speech recognition
               techniques},
  journal   = {Journal of Software: Evolution and Process},
  volume    = {25},
  number    = {6},
  pages     = {575--599},
  year      = {2013},
  url       = {http://dx.doi.org/10.1002/smr.539},
  doi       = {10.1002/smr.539},
  timestamp = {Mon, 22 Jul 2013 15:41:50 +0200},
  biburl    = {http://dblp.uni-trier.de/rec/bib/journals/smr/GuerroujPAG13},
  bibsource = {dblp computer science bibliography, http://dblp.org}
}

@article{DBLP:journals/ese/GuerroujPGA14,
  author    = {Latifa Guerrouj and
               Massimiliano Di Penta and
               Yann{-}Ga{\"{e}}l Gu{\'{e}}h{\'{e}}neuc and
               Giuliano Antoniol},
  title     = {An experimental investigation on the effects of context on source
               code identifiers splitting and expansion},
  journal   = {Empirical Software Engineering},
  volume    = {19},
  number    = {6},
  pages     = {1706--1753},
  year      = {2014},
  url       = {http://dx.doi.org/10.1007/s10664-013-9260-1},
  doi       = {10.1007/s10664-013-9260-1},
  timestamp = {Thu, 16 Oct 2014 12:14:09 +0200},
  biburl    = {http://dblp.uni-trier.de/rec/bib/journals/ese/GuerroujPGA14},
  bibsource = {dblp computer science bibliography, http://dblp.org}
}

@article{DBLP:journals/tse/ArnaoudovaEPOAG14,
  author    = {Venera Arnaoudova and
               Laleh Mousavi Eshkevari and
               Massimiliano Di Penta and
               Rocco Oliveto and
               Giuliano Antoniol and
               Yann{-}Ga{\"{e}}l Gu{\'{e}}h{\'{e}}neuc},
  title     = {{REPENT:} Analyzing the Nature of Identifier Renamings},
  journal   = {{IEEE} Trans. Software Eng.},
  volume    = {40},
  number    = {5},
  pages     = {502--532},
  year      = {2014},
  url       = {http://doi.ieeecomputersociety.org/10.1109/TSE.2014.2312942},
  doi       = {10.1109/TSE.2014.2312942},
  timestamp = {Tue, 20 May 2014 16:27:27 +0200},
  biburl    = {http://dblp.uni-trier.de/rec/bib/journals/tse/ArnaoudovaEPOAG14},
  bibsource = {dblp computer science bibliography, http://dblp.org}
}

@inproceedings{DBLP:conf/iwpc/VassalloPPC14,
  author    = {Carmine Vassallo and
               Sebastiano Panichella and
               Massimiliano Di Penta and
               Gerardo Canfora},
  title     = {{CODES:} mining source code descriptions from developers discussions},
  booktitle = {22nd International Conference on Program Comprehension, {ICPC} 2014,
               Hyderabad, India, June 2-3, 2014},
  pages     = {106--109},
  year      = {2014},
  crossref  = {DBLP:conf/iwpc/2014},
  url       = {http://doi.acm.org/10.1145/2597008.2597799},
  doi       = {10.1145/2597008.2597799},
  timestamp = {Mon, 19 May 2014 08:41:29 +0200},
  biburl    = {http://dblp.uni-trier.de/rec/bib/conf/iwpc/VassalloPPC14},
  bibsource = {dblp computer science bibliography, http://dblp.org}
}

@inproceedings{DBLP:conf/wcre/GuerroujGGAP12,
  author    = {Latifa Guerrouj and
               Philippe Galinier and
               Yann{-}Ga{\"{e}}l Gu{\'{e}}h{\'{e}}neuc and
               Giuliano Antoniol and
               Massimiliano Di Penta},
  title     = {{TRIS:} {A} Fast and Accurate Identifiers Splitting and Expansion
               Algorithm},
  booktitle = {19th Working Conference on Reverse Engineering, {WCRE} 2012, Kingston,
               ON, Canada, October 15-18, 2012},
  pages     = {103--112},
  year      = {2012},
  crossref  = {DBLP:conf/wcre/2012},
  url       = {http://doi.ieeecomputersociety.org/10.1109/WCRE.2012.20},
  doi       = {10.1109/WCRE.2012.20},
  timestamp = {Sat, 05 Jan 2013 18:31:24 +0100},
  biburl    = {http://dblp.uni-trier.de/rec/bib/conf/wcre/GuerroujGGAP12},
  bibsource = {dblp computer science bibliography, http://dblp.org}
}

@article{DBLP:journals/ese/KhomhPGA12,
  author    = {Foutse Khomh and
               Massimiliano Di Penta and
               Yann{-}Ga{\"{e}}l Gu{\'{e}}h{\'{e}}neuc and
               Giuliano Antoniol},
  title     = {An exploratory study of the impact of antipatterns on class change-
               and fault-proneness},
  journal   = {Empirical Software Engineering},
  volume    = {17},
  number    = {3},
  pages     = {243--275},
  year      = {2012},
  url       = {http://dx.doi.org/10.1007/s10664-011-9171-y},
  doi       = {10.1007/s10664-011-9171-y},
  timestamp = {Fri, 24 Feb 2012 11:25:23 +0100},
  biburl    = {http://dblp.uni-trier.de/rec/bib/journals/ese/KhomhPGA12},
  bibsource = {dblp computer science bibliography, http://dblp.org}
}

@article{DBLP:journals/tse/AntoniolCCLM02,
  author    = {Giuliano Antoniol and
               Gerardo Canfora and
               Gerardo Casazza and
               Andrea De Lucia and
               Ettore Merlo},
  title     = {Recovering Traceability Links between Code and Documentation},
  journal   = {{IEEE} Trans. Software Eng.},
  volume    = {28},
  number    = {10},
  pages     = {970--983},
  year      = {2002},
  url       = {http://doi.ieeecomputersociety.org/10.1109/TSE.2002.1041053},
  doi       = {10.1109/TSE.2002.1041053},
  timestamp = {Mon, 07 Nov 2011 16:59:26 +0100},
  biburl    = {http://dblp.uni-trier.de/rec/bib/journals/tse/AntoniolCCLM02},
  bibsource = {dblp computer science bibliography, http://dblp.org}
}

@inproceedings{DBLP:conf/csmr/SabanePAG13,
  author    = {Aminata Sabane and
               Massimiliano Di Penta and
               Giuliano Antoniol and
               Yann{-}Ga{\"{e}}l Gu{\'{e}}h{\'{e}}neuc},
  title     = {A Study on the Relation between Antipatterns and the Cost of Class
               Unit Testing},
  booktitle = {17th European Conference on Software Maintenance and Reengineering,
               {CSMR} 2013, Genova, Italy, March 5-8, 2013},
  pages     = {167--176},
  year      = {2013},
  crossref  = {DBLP:conf/csmr/2013},
  url       = {http://dx.doi.org/10.1109/CSMR.2013.26},
  doi       = {10.1109/CSMR.2013.26},
  timestamp = {Tue, 25 Nov 2014 17:05:17 +0100},
  biburl    = {http://dblp.uni-trier.de/rec/bib/conf/csmr/SabanePAG13},
  bibsource = {dblp computer science bibliography, http://dblp.org}
}

@article{DBLP:journals/ese/GuerroujPGA14,
  author    = {Latifa Guerrouj and
               Massimiliano Di Penta and
               Yann{-}Ga{\"{e}}l Gu{\'{e}}h{\'{e}}neuc and
               Giuliano Antoniol},
  title     = {An experimental investigation on the effects of context on source
               code identifiers splitting and expansion},
  journal   = {Empirical Software Engineering},
  volume    = {19},
  number    = {6},
  pages     = {1706--1753},
  year      = {2014},
  url       = {http://dx.doi.org/10.1007/s10664-013-9260-1},
  doi       = {10.1007/s10664-013-9260-1},
  timestamp = {Thu, 16 Oct 2014 12:14:09 +0200},
  biburl    = {http://dblp.uni-trier.de/rec/bib/journals/ese/GuerroujPGA14},
  bibsource = {dblp computer science bibliography, http://dblp.org}
}

@inproceedings{DBLP:conf/csmr/MadaniGPGA10,
  author    = {Nioosha Madani and
               Latifa Guerrouj and
               Massimiliano Di Penta and
               Yann{-}Ga{\"{e}}l Gu{\'{e}}h{\'{e}}neuc and
               Giuliano Antoniol},
  title     = {Recognizing Words from Source Code Identifiers Using Speech Recognition
               Techniques},
  booktitle = {14th European Conference on Software Maintenance and Reengineering,
               {CSMR} 2010, 15-18 March 2010, Madrid, Spain},
  pages     = {68--77},
  year      = {2010},
  crossref  = {DBLP:conf/csmr/2010},
  url       = {http://dx.doi.org/10.1109/CSMR.2010.31},
  doi       = {10.1109/CSMR.2010.31},
  timestamp = {Wed, 26 Nov 2014 19:27:24 +0100},
  biburl    = {http://dblp.uni-trier.de/rec/bib/conf/csmr/MadaniGPGA10},
  bibsource = {dblp computer science bibliography, http://dblp.org}
}

@inproceedings{DBLP:conf/iwpc/DitGPA11,
  author    = {Bogdan Dit and
               Latifa Guerrouj and
               Denys Poshyvanyk and
               Giuliano Antoniol},
  title     = {Can Better Identifier Splitting Techniques Help Feature Location?},
  booktitle = {The 19th {IEEE} International Conference on Program Comprehension,
               {ICPC} 2011, Kingston, ON, Canada, June 22-24, 2011},
  pages     = {11--20},
  year      = {2011},
  crossref  = {DBLP:conf/iwpc/2011},
  url       = {http://dx.doi.org/10.1109/ICPC.2011.47},
  doi       = {10.1109/ICPC.2011.47},
  timestamp = {Fri, 07 Nov 2014 14:52:56 +0100},
  biburl    = {http://dblp.uni-trier.de/rec/bib/conf/iwpc/DitGPA11},
  bibsource = {dblp computer science bibliography, http://dblp.org}
}

@inproceedings{DBLP:conf/csmr/MadaniGPGA10,
  author    = {Nioosha Madani and
               Latifa Guerrouj and
               Massimiliano Di Penta and
               Yann{-}Ga{\"{e}}l Gu{\'{e}}h{\'{e}}neuc and
               Giuliano Antoniol},
  title     = {Recognizing Words from Source Code Identifiers Using Speech Recognition
               Techniques},
  booktitle = {14th European Conference on Software Maintenance and Reengineering,
               {CSMR} 2010, 15-18 March 2010, Madrid, Spain},
  pages     = {68--77},
  year      = {2010},
  crossref  = {DBLP:conf/csmr/2010},
  url       = {http://dx.doi.org/10.1109/CSMR.2010.31},
  doi       = {10.1109/CSMR.2010.31},
  timestamp = {Wed, 26 Nov 2014 19:27:24 +0100},
  biburl    = {http://dblp.uni-trier.de/rec/bib/conf/csmr/MadaniGPGA10},
  bibsource = {dblp computer science bibliography, http://dblp.org}
}

@article{DBLP:journals/ese/GuerroujPGA14,
  author    = {Latifa Guerrouj and
               Massimiliano Di Penta and
               Yann{-}Ga{\"{e}}l Gu{\'{e}}h{\'{e}}neuc and
               Giuliano Antoniol},
  title     = {An experimental investigation on the effects of context on source
               code identifiers splitting and expansion},
  journal   = {Empirical Software Engineering},
  volume    = {19},
  number    = {6},
  pages     = {1706--1753},
  year      = {2014},
  url       = {http://dx.doi.org/10.1007/s10664-013-9260-1},
  doi       = {10.1007/s10664-013-9260-1},
  timestamp = {Thu, 16 Oct 2014 12:14:09 +0200},
  biburl    = {http://dblp.uni-trier.de/rec/bib/journals/ese/GuerroujPGA14},
  bibsource = {dblp computer science bibliography, http://dblp.org}
}

##Concise and Consistent Naming

@article{DBLP:journals/sqj/DeissenboeckP06,
  author    = {Florian Deissenboeck and
               Markus Pizka},
  title     = {Concise and consistent naming},
  journal   = {Software Quality Journal},
  volume    = {14},
  number    = {3},
  pages     = {261--282},
  year      = {2006},
  url       = {http://dx.doi.org/10.1007/s11219-006-9219-1},
  doi       = {10.1007/s11219-006-9219-1},
  timestamp = {Sun, 04 Nov 2007 20:59:09 +0100},
  biburl    = {http://dblp.uni-trier.de/rec/bib/journals/sqj/DeissenboeckP06},
  bibsource = {dblp computer science bibliography, http://dblp.org}
}

### David Binkey

@inproceedings{DBLP:conf/icsm/LawrieB11,
  author    = {Dawn Lawrie and
               David Binkley},
  title     = {Expanding identifiers to normalize source code vocabulary},
  booktitle = {{IEEE} 27th International Conference on Software Maintenance, {ICSM}
               2011, Williamsburg, VA, USA, September 25-30, 2011},
  pages     = {113--122},
  year      = {2011},
  crossref  = {DBLP:conf/icsm/2011},
  url       = {http://dx.doi.org/10.1109/ICSM.2011.6080778},
  doi       = {10.1109/ICSM.2011.6080778},
  timestamp = {Wed, 23 Nov 2011 19:58:08 +0100},
  biburl    = {http://dblp.uni-trier.de/rec/bib/conf/icsm/LawrieB11},
  bibsource = {dblp computer science bibliography, http://dblp.org}
}


@inproceedings{DBLP:conf/msr/BinkleyHL11,
  author    = {David Binkley and
               Matthew Hearn and
               Dawn Lawrie},
  title     = {Improving identifier informativeness using part of speech information},
  booktitle = {Proceedings of the 8th International Working Conference on Mining
               Software Repositories, {MSR} 2011 (Co-located with ICSE), Waikiki,
               Honolulu, HI, USA, May 21-28, 2011, Proceedings},
  pages     = {203--206},
  year      = {2011},
  crossref  = {DBLP:conf/msr/2011},
  url       = {http://doi.acm.org/10.1145/1985441.1985471},
  doi       = {10.1145/1985441.1985471},
  timestamp = {Mon, 30 May 2011 10:38:09 +0200},
  biburl    = {http://dblp.uni-trier.de/rec/bib/conf/msr/BinkleyHL11},
  bibsource = {dblp computer science bibliography, http://dblp.org}
}


@article{DBLP:journals/smr/LawrieFB07,
  author    = {Dawn Lawrie and
               Henry Feild and
               David Binkley},
  title     = {An empirical study of rules for well-formed identifiers},
  journal   = {Journal of Software Maintenance},
  volume    = {19},
  number    = {4},
  pages     = {205--229},
  year      = {2007},
  url       = {http://dx.doi.org/10.1002/smr.350},
  doi       = {10.1002/smr.350},
  timestamp = {Tue, 27 Nov 2007 11:08:44 +0100},
  biburl    = {http://dblp.uni-trier.de/rec/bib/journals/smr/LawrieFB07},
  bibsource = {dblp computer science bibliography, http://dblp.org}
}

@inproceedings{DBLP:conf/scam/LawrieFB07,
  author    = {Dawn Lawrie and
               Henry Feild and
               David Binkley},
  title     = {Extracting Meaning from Abbreviated Identifiers},
  booktitle = {Seventh {IEEE} International Workshop on Source Code Analysis and
               Manipulation {(SCAM} 2007), September 30 - October 1, 2007, Paris,
               France},
  pages     = {213--222},
  year      = {2007},
  crossref  = {DBLP:conf/scam/2007},
  url       = {http://dx.doi.org/10.1109/SCAM.2007.17},
  doi       = {10.1109/SCAM.2007.17},
  timestamp = {Wed, 11 Feb 2009 22:27:14 +0100},
  biburl    = {http://dblp.uni-trier.de/rec/bib/conf/scam/LawrieFB07},
  bibsource = {dblp computer science bibliography, http://dblp.org}
}

@inproceedings{DBLP:conf/iwpc/LawrieMFB06,
  author    = {Dawn Lawrie and
               Christopher Morrell and
               Henry Feild and
               David Binkley},
  title     = {What's in a Name? {A} Study of Identifiers},
  booktitle = {14th International Conference on Program Comprehension {(ICPC} 2006),
               14-16 June 2006, Athens, Greece},
  pages     = {3--12},
  year      = {2006},
  crossref  = {DBLP:conf/iwpc/2006},
  url       = {http://dx.doi.org/10.1109/ICPC.2006.51},
  doi       = {10.1109/ICPC.2006.51},
  timestamp = {Fri, 07 Nov 2014 14:52:56 +0100},
  biburl    = {http://dblp.uni-trier.de/rec/bib/conf/iwpc/LawrieMFB06},
  bibsource = {dblp computer science bibliography, http://dblp.org}
}


@inproceedings{DBLP:conf/scam/LawrieFB06,
  author    = {Dawn Lawrie and
               Henry Feild and
               David Binkley},
  title     = {Syntactic Identifier Conciseness and Consistency},
  booktitle = {Sixth {IEEE} International Workshop on Source Code Analysis and Manipulation
               {(SCAM} 2006), 27-29 September 2006, Philadelphia, Pennsylvania, {USA}},
  pages     = {139--148},
  year      = {2006},
  crossref  = {DBLP:conf/scam/2006},
  url       = {http://doi.ieeecomputersociety.org/10.1109/SCAM.2006.31},
  doi       = {10.1109/SCAM.2006.31},
  timestamp = {Wed, 08 Nov 2006 10:19:39 +0100},
  biburl    = {http://dblp.uni-trier.de/rec/bib/conf/scam/LawrieFB06},
  bibsource = {dblp computer science bibliography, http://dblp.org}
}

 ###Paolo Tonella
@inproceedings{DBLP:conf/csmr/AbebeT13,
  author    = {Surafel Lemma Abebe and
               Paolo Tonella},
  title     = {Automated Identifier Completion and Replacement},
  booktitle = {17th European Conference on Software Maintenance and Reengineering,
               {CSMR} 2013, Genova, Italy, March 5-8, 2013},
  pages     = {263--272},
  year      = {2013},
  crossref  = {DBLP:conf/csmr/2013},
  url       = {http://dx.doi.org/10.1109/CSMR.2013.35},
  doi       = {10.1109/CSMR.2013.35},
  timestamp = {Tue, 25 Nov 2014 17:05:17 +0100},
  biburl    = {http://dblp.uni-trier.de/rec/bib/conf/csmr/AbebeT13},
  bibsource = {dblp computer science bibliography, http://dblp.org}
}

@inproceedings{DBLP:conf/wcre/AbebeT11,
  author    = {Surafel Lemma Abebe and
               Paolo Tonella},
  title     = {Towards the Extraction of Domain Concepts from the Identifiers},
  booktitle = {18th Working Conference on Reverse Engineering, {WCRE} 2011, Limerick,
               Ireland, October 17-20, 2011},
  pages     = {77--86},
  year      = {2011},
  crossref  = {DBLP:conf/wcre/2011},
  url       = {http://doi.ieeecomputersociety.org/10.1109/WCRE.2011.19},
  doi       = {10.1109/WCRE.2011.19},
  timestamp = {Fri, 25 Nov 2011 10:37:57 +0100},
  biburl    = {http://dblp.uni-trier.de/rec/bib/conf/wcre/AbebeT11},
  bibsource = {dblp computer science bibliography, http://dblp.org}
}


@inproceedings{DBLP:conf/icsm/CaprileT00,
  author    = {Bruno Caprile and
               Paolo Tonella},
  title     = {Restructuring Program Identifier Names},
  booktitle = {{ICSM}},
  pages     = {97--107},
  year      = {2000},
  url       = {http://computer.org/proceedings/icsm/0753/07530097abs.htm},
  timestamp = {Mon, 14 Jan 2002 11:56:05 +0100},
  biburl    = {http://dblp.uni-trier.de/rec/bib/conf/icsm/CaprileT00},
  bibsource = {dblp computer science bibliography, http://dblp.org}
}

@inproceedings{DBLP:conf/wcre/CaprileT99,
  author    = {Bruno Caprile and
               Paolo Tonella},
  title     = {Nomen Est Omen: Analyzing the Language of Function Identifiers},
  booktitle = {{WCRE}},
  pages     = {112--122},
  year      = {1999},
  url       = {http://computer.org/proceedings/wcre/0303/03030112abs.htm},
  timestamp = {Thu, 03 Jan 2002 12:11:12 +0100},
  biburl    = {http://dblp.uni-trier.de/rec/bib/conf/wcre/CaprileT99},
  bibsource = {dblp computer science bibliography, http://dblp.org}
}

##Michele Risi - Abbreviation

@inproceedings{DBLP:conf/esem/TramontanaRS14,
  author    = {Porfirio Tramontana and
               Michele Risi and
               Giuseppe Scanniello},
  title     = {Studying abbreviated vs. full-word identifier names when dealing with
               faults: an external replication},
  booktitle = {2014 {ACM-IEEE} International Symposium on Empirical Software Engineering
               and Measurement, {ESEM} '14, Torino, Italy, September 18-19, 2014},
  pages     = {64},
  year      = {2014},
  crossref  = {DBLP:conf/esem/2014},
  url       = {http://doi.acm.org/10.1145/2652524.2652593},
  doi       = {10.1145/2652524.2652593},
  timestamp = {Wed, 17 Sep 2014 09:05:47 +0200},
  biburl    = {http://dblp.uni-trier.de/rec/bib/conf/esem/TramontanaRS14},
  bibsource = {dblp computer science bibliography, http://dblp.org}
}


@inproceedings{DBLP:conf/icsm/ScannielloR13,
  author    = {Giuseppe Scanniello and
               Michele Risi},
  title     = {Dealing with Faults in Source Code: Abbreviated vs. Full-Word Identifier
               Names},
  booktitle = {2013 {IEEE} International Conference on Software Maintenance, Eindhoven,
               The Netherlands, September 22-28, 2013},
  pages     = {190--199},
  year      = {2013},
  crossref  = {DBLP:conf/icsm/2013},
  url       = {http://dx.doi.org/10.1109/ICSM.2013.30},
  doi       = {10.1109/ICSM.2013.30},
  timestamp = {Wed, 04 Dec 2013 19:29:31 +0100},
  biburl    = {http://dblp.uni-trier.de/rec/bib/conf/icsm/ScannielloR13},
  bibsource = {dblp computer science bibliography, http://dblp.org}
}


@inproceedings{DBLP:conf/icsm/CorazzaMM12,
  author    = {Anna Corazza and
               Sergio Di Martino and
               Valerio Maggio},
  title     = {{LINSEN:} An efficient approach to split identifiers and expand abbreviations},
  booktitle = {28th {IEEE} International Conference on Software Maintenance, {ICSM}
               2012, Trento, Italy, September 23-28, 2012},
  pages     = {233--242},
  year      = {2012},
  crossref  = {DBLP:conf/icsm/2012},
  url       = {http://doi.ieeecomputersociety.org/10.1109/ICSM.2012.6405277},
  doi       = {10.1109/ICSM.2012.6405277},
  timestamp = {Mon, 14 Jan 2013 14:23:29 +0100},
  biburl    = {http://dblp.uni-trier.de/rec/bib/conf/icsm/CorazzaMM12},
  bibsource = {dblp computer science bibliography, http://dblp.org}
}

@inproceedings{DBLP:conf/iwpc/SteidlHJ13,
  author    = {Daniela Steidl and
               Benjamin Hummel and
               Elmar J{\"{u}}rgens},
  title     = {Quality analysis of source code comments},
  booktitle = {{IEEE} 21st International Conference on Program Comprehension, {ICPC}
               2013, San Francisco, CA, USA, 20-21 May, 2013},
  pages     = {83--92},
  year      = {2013},
  crossref  = {DBLP:conf/iwpc/2013},
  url       = {http://dx.doi.org/10.1109/ICPC.2013.6613836},
  doi       = {10.1109/ICPC.2013.6613836},
  timestamp = {Fri, 07 Nov 2014 14:52:56 +0100},
  biburl    = {http://dblp.uni-trier.de/rec/bib/conf/iwpc/SteidlHJ13},
  bibsource = {dblp computer science bibliography, http://dblp.org}
}

### Lin Tan

@inproceedings{DBLP:conf/kbse/WongYT13,
  author    = {Edmund Wong and
               Jinqiu Yang and
               Lin Tan},
  title     = {AutoComment: Mining question and answer sites for automatic comment
               generation},
  booktitle = {2013 28th {IEEE/ACM} International Conference on Automated Software
               Engineering, {ASE} 2013, Silicon Valley, CA, USA, November 11-15,
               2013},
  pages     = {562--567},
  year      = {2013},
  crossref  = {DBLP:conf/kbse/2013},
  url       = {http://dx.doi.org/10.1109/ASE.2013.6693113},
  doi       = {10.1109/ASE.2013.6693113},
  timestamp = {Mon, 21 Jul 2014 07:41:41 +0200},
  biburl    = {http://dblp.uni-trier.de/rec/bib/conf/kbse/WongYT13},
  bibsource = {dblp computer science bibliography, http://dblp.org}
}

@inproceedings{DBLP:conf/msr/YangT12,
  author    = {Jinqiu Yang and
               Lin Tan},
  title     = {Inferring semantically related words from software context},
  booktitle = {9th {IEEE} Working Conference of Mining Software Repositories, {MSR}
               2012, June 2-3, 2012, Zurich, Switzerland},
  pages     = {161--170},
  year      = {2012},
  crossref  = {DBLP:conf/msr/2012},
  url       = {http://dx.doi.org/10.1109/MSR.2012.6224276},
  doi       = {10.1109/MSR.2012.6224276},
  timestamp = {Fri, 24 May 2013 08:22:54 +0200},
  biburl    = {http://dblp.uni-trier.de/rec/bib/conf/msr/YangT12},
  bibsource = {dblp computer science bibliography, http://dblp.org}
}

@inproceedings{DBLP:conf/icse/PadioleauTZ09,
  author    = {Yoann Padioleau and
               Lin Tan and
               Yuanyuan Zhou},
  title     = {Listening to programmers - Taxonomies and characteristics of comments
               in operating system code},
  booktitle = {31st International Conference on Software Engineering, {ICSE} 2009,
               May 16-24, 2009, Vancouver, Canada, Proceedings},
  pages     = {331--341},
  year      = {2009},
  crossref  = {DBLP:conf/icse/2009},
  url       = {http://dx.doi.org/10.1109/ICSE.2009.5070533},
  doi       = {10.1109/ICSE.2009.5070533},
  timestamp = {Tue, 16 Jun 2009 14:50:36 +0200},
  biburl    = {http://dblp.uni-trier.de/rec/bib/conf/icse/PadioleauTZ09},
  bibsource = {dblp computer science bibliography, http://dblp.org}
}


@article{DBLP:journals/sigsoft/OhbaG05,
  author    = {Masaru Ohba and
               Katsuhiko Gondow},
  title     = {Toward mining "concept keywords" from identifiers in large software
               projects},
  journal   = {{ACM} {SIGSOFT} Software Engineering Notes},
  volume    = {30},
  number    = {4},
  pages     = {1--5},
  year      = {2005},
  url       = {http://doi.acm.org/10.1145/1082983.1083151},
  doi       = {10.1145/1082983.1083151},
  timestamp = {Thu, 08 May 2008 14:35:31 +0200},
  biburl    = {http://dblp.uni-trier.de/rec/bib/journals/sigsoft/OhbaG05},
  bibsource = {dblp computer science bibliography, http://dblp.org}
}

@inproceedings{DBLP:conf/csmr/TianLL14,
  author    = {Yuan Tian and
               David Lo and
               Julia L. Lawall},
  title     = {Automated construction of a software-specific word similarity database},
  booktitle = {2014 Software Evolution Week - {IEEE} Conference on Software Maintenance,
               Reengineering, and Reverse Engineering, {CSMR-WCRE} 2014, Antwerp,
               Belgium, February 3-6, 2014},
  pages     = {44--53},
  year      = {2014},
  crossref  = {DBLP:conf/csmr/2014},
  url       = {http://dx.doi.org/10.1109/CSMR-WCRE.2014.6747213},
  doi       = {10.1109/CSMR-WCRE.2014.6747213},
  timestamp = {Tue, 25 Nov 2014 17:58:59 +0100},
  biburl    = {http://dblp.uni-trier.de/rec/bib/conf/csmr/TianLL14},
  bibsource = {dblp computer science bibliography, http://dblp.org}
}

@inproceedings{DBLP:conf/icse/TianLL14,
  author    = {Yuan Tian and
               David Lo and
               Julia L. Lawall},
  title     = {SEWordSim: software-specific word similarity database},
  booktitle = {36th International Conference on Software Engineering, {ICSE} '14,
               Companion Proceedings, Hyderabad, India, May 31 - June 07, 2014},
  pages     = {568--571},
  year      = {2014},
  crossref  = {DBLP:conf/icse/2014c},
  url       = {http://doi.acm.org/10.1145/2591062.2591071},
  doi       = {10.1145/2591062.2591071},
  timestamp = {Sun, 18 May 2014 16:37:37 +0200},
  biburl    = {http://dblp.uni-trier.de/rec/bib/conf/icse/TianLL14},
  bibsource = {dblp computer science bibliography, http://dblp.org}
}


@inproceedings{DBLP:conf/iwpc/FalleriHLNPD10,
  author    = {Jean{-}R{\'{e}}my Falleri and
               Marianne Huchard and
               Mathieu Lafourcade and
               Cl{\'{e}}mentine Nebut and
               Violaine Prince and
               Michel Dao},
  title     = {Automatic Extraction of a WordNet-Like Identifier Network from Software},
  booktitle = {The 18th {IEEE} International Conference on Program Comprehension,
               {ICPC} 2010, Braga, Minho, Portugal, June 30-July 2, 2010},
  pages     = {4--13},
  year      = {2010},
  crossref  = {DBLP:conf/iwpc/2010},
  url       = {http://dx.doi.org/10.1109/ICPC.2010.12},
  doi       = {10.1109/ICPC.2010.12},
  timestamp = {Fri, 07 Nov 2014 14:52:57 +0100},
  biburl    = {http://dblp.uni-trier.de/rec/bib/conf/iwpc/FalleriHLNPD10},
  bibsource = {dblp computer science bibliography, http://dblp.org}
}

@inproceedings{DBLP:conf/adma/YuZG12,
  author    = {Shusi Yu and
               Ruichang Zhang and
               Jihong Guan},
  title     = {Properly and Automatically Naming Java Methods: {A} Machine Learning
               Based Approach},
  booktitle = {Advanced Data Mining and Applications, 8th International Conference,
               {ADMA} 2012, Nanjing, China, December 15-18, 2012. Proceedings},
  pages     = {235--246},
  year      = {2012},
  crossref  = {DBLP:conf/adma/2012},
  url       = {http://dx.doi.org/10.1007/978-3-642-35527-1_20},
  doi       = {10.1007/978-3-642-35527-1_20},
  timestamp = {Mon, 30 Dec 2013 11:20:01 +0100},
  biburl    = {http://dblp.uni-trier.de/rec/bib/conf/adma/YuZG12},
  bibsource = {dblp computer science bibliography, http://dblp.org}
}

@inproceedings{DBLP:conf/iwpc/SuzukiSIH14,
  author    = {Takayuki Suzuki and
               Kazunori Sakamoto and
               Fuyuki Ishikawa and
               Shinichi Honiden},
  title     = {An approach for evaluating and suggesting method names using n-gram
               models},
  booktitle = {22nd International Conference on Program Comprehension, {ICPC} 2014,
               Hyderabad, India, June 2-3, 2014},
  pages     = {271--274},
  year      = {2014},
  crossref  = {DBLP:conf/iwpc/2014},
  url       = {http://doi.acm.org/10.1145/2597008.2597797},
  doi       = {10.1145/2597008.2597797},
  timestamp = {Mon, 19 May 2014 08:41:29 +0200},
  biburl    = {http://dblp.uni-trier.de/rec/bib/conf/iwpc/SuzukiSIH14},
  bibsource = {dblp computer science bibliography, http://dblp.org}
}

@article{DBLP:journals/tse/SchaferTST12,
  author    = {Max Sch{\"{a}}fer and
               Andreas Thies and
               Friedrich Steimann and
               Frank Tip},
  title     = {A Comprehensive Approach to Naming and Accessibility in Refactoring
               Java Programs},
  journal   = {{IEEE} Trans. Software Eng.},
  volume    = {38},
  number    = {6},
  pages     = {1233--1257},
  year      = {2012},
  url       = {http://doi.ieeecomputersociety.org/10.1109/TSE.2012.13},
  doi       = {10.1109/TSE.2012.13},
  timestamp = {Mon, 03 Dec 2012 15:10:50 +0100},
  biburl    = {http://dblp.uni-trier.de/rec/bib/journals/tse/SchaferTST12},
  bibsource = {dblp computer science bibliography, http://dblp.org}
}

### Name convention

@inproceedings{DBLP:conf/icsm/ButlerWYS11,
  author    = {Simon Butler and
               Michel Wermelinger and
               Yijun Yu and
               Helen Sharp},
  title     = {Mining java class naming conventions},
  booktitle = {{IEEE} 27th International Conference on Software Maintenance, {ICSM}
               2011, Williamsburg, VA, USA, September 25-30, 2011},
  pages     = {93--102},
  year      = {2011},
  crossref  = {DBLP:conf/icsm/2011},
  url       = {http://dx.doi.org/10.1109/ICSM.2011.6080776},
  doi       = {10.1109/ICSM.2011.6080776},
  timestamp = {Wed, 23 Nov 2011 19:58:08 +0100},
  biburl    = {http://dblp.uni-trier.de/rec/bib/conf/icsm/ButlerWYS11},
  bibsource = {dblp computer science bibliography, http://dblp.org}
}

