%%%%%%%Proactive	
%%%%%%Ernst %%%%%%%%%
	@ARTICLE{muslu:scout,
	AUTHOR = "Kivanc Muslu and Yuriy Brun and Reid Holmes and Michael D. Ernst and David Notkin",
	TITLE = "Speculative Analysis of Integrated Development Environment Recommendations",
	JOURNAL = "OOPSLA 2012",
	PAGES = {669-682},
	YEAR = {2012}	}
	
	@ARTICLE{muslu:implicate,
	AUTHOR = "Kivanc Muslu and Yuriy Brun and Reid Holmes and Michael D. Ernst and David Notkin",
	TITLE = "Improving IDE Recommendations by Considering Global Implications of Existing Recommendations",
	JOURNAL = "ICSE 2012",
	PAGES = {1349-1352},
	YEAR = {2012}	}
	
	
	@ARTICLE{muslu:offline,
	AUTHOR = "Kivanc Muslu and Yuriy Brun and Reid Holmes and Michael D. Ernst and David Notkin",
	TITLE = "Making offline analyses continuous",
	JOURNAL = "FSE 2013",
	PAGES = {323-333},
	YEAR = {2013}	}
%%%%%%%Scatter	
%evaluate cclone
@inproceedings{wang:cloneevaluate12,
  author    = {Xiaoyin Wang and
               Yingnong Dang and
               Lu Zhang and
               Dongmei Zhang and
               Erica Lan and
               Hong Mei},
  title     = {Can I clone this piece of code here?},
  booktitle = {ASE},
  year      = {2012},
  pages     = {170-179},
  }

	@inproceedings{guo:proWrangle11,
  author    = {Philip J. Guo and
               Sean Kandel and
               Joseph M. Hellerstein and
               Jeffrey Heer},
  title     = {Proactive wrangling: mixed-initiative end-user programming
               of data transformation scripts},
  booktitle = {UIST},
  year      = {2011},
  pages     = {65-74},
}
%%%%%change impact analysis
@inproceedings{gethers:impact12,
  author    = {Malcom Gethers and
               Bogdan Dit and
               Huzefa H. Kagdi and
               Denys Poshyvanyk},
  title     = {Integrated impact analysis for managing software changes},
  booktitle = {ICSE},
  year      = {2012},
  pages     = {430-440},
}
%%%%Jablonski

@inproceedings{jablonski:proactiveclone09,
  author    = {Daqing Hou and
               Ferosh Jacob and
               Patricia Jablonski},
  title     = {Proactively managing copy-and-paste induced code clones},
  booktitle = {ICSM},
  year      = {2009},
  pages     = {391-392},
}

@inproceedings{jablonski:cnp09,
  author    = {Daqing Hou and
               Patricia Jablonski and
               Ferosh Jacob},
  title     = {CnP: Towards an environment for the proactive management
               of copy-and-paste programming},
  booktitle = {ICPC},
  year      = {2009},
  pages     = {238-242},
}

@inproceedings{jablonski:idecap07,
  author    = {Patricia Jablonski},
  title     = {Managing the copy-and-paste programming practice in modern
               IDEs},
  booktitle = {OOPSLA Companion},
  year      = {2007},
  pages     = {933-934},
}
%%%%%%%GenProg
@article{claire:genprog12,
  author    = {Claire Le Goues and
               ThanhVu Nguyen and
               Stephanie Forrest and
               Westley Weimer},
  title     = {GenProg: A Generic Method for Automatic Software Repair},
  journal   = {IEEE Trans. Software Eng.},
  volume    = {38},
  number    = {1},
  year      = {2012},
  pages     = {54-72},
}

%%%%%%change impact anaysis
@inproceedings{ren:chianti05,
  author    = {Xiaoxia Ren and
               Barbara G. Ryder and
               Maximilian St{\"o}rzer and
               Frank Tip},
  title     = {Chianti: a change impact analysis tool for java programs},
  booktitle = {ICSE},
  year      = {2005},
  pages     = {664-665},
}

@inproceedings{orso:coverage04,
  author    = {Alessandro Orso and
               Taweesup Apiwattanapong and
               James Law and
               Gregg Rothermel and
               Mary Jean Harrold},
  title     = {An Empirical Comparison of Dynamic Impact Analysis Algorithms},
  booktitle = {ICSE},
  year      = {2004},
  pages     = {491-500},
}
