#Ralph Johnson

@article{DBLP:journals/smr/DigJ06,
  author    = {Danny Dig and
               Ralph E. Johnson},
  title     = {How do APIs evolve? {A} story of refactoring},
  journal   = {Journal of Software Maintenance},
  volume    = {18},
  number    = {2},
  pages     = {83--107},
  year      = {2006},
  url       = {http://dx.doi.org/10.1002/smr.328},
  doi       = {10.1002/smr.328},
  timestamp = {Thu, 27 May 2010 12:25:32 +0200},
  biburl    = {http://dblp.uni-trier.de/rec/bib/journals/smr/DigJ06},
  bibsource = {dblp computer science bibliography, http://dblp.org}
}

@inproceedings{DBLP:conf/icse/NegaraCDJ14,
  author    = {Stas Negara and
               Mihai Codoban and
               Danny Dig and
               Ralph E. Johnson},
  title     = {Mining fine-grained code changes to detect unknown change patterns},
  booktitle = {36th International Conference on Software Engineering, {ICSE} '14,
               Hyderabad, India - May 31 - June 07, 2014},
  pages     = {803--813},
  year      = {2014},
  crossref  = {DBLP:conf/icse/2014},
  url       = {http://doi.acm.org/10.1145/2568225.2568317},
  doi       = {10.1145/2568225.2568317},
  timestamp = {Sun, 18 May 2014 16:12:57 +0200},
  biburl    = {http://dblp.uni-trier.de/rec/bib/conf/icse/NegaraCDJ14},
  bibsource = {dblp computer science bibliography, http://dblp.org}
}

@inproceedings{DBLP:conf/icse/LeeCJ13,
  author    = {Yun Young Lee and
               Nicholas Chen and
               Ralph E. Johnson},
  title     = {Drag-and-drop refactoring: intuitive and efficient program transformation},
  booktitle = {35th International Conference on Software Engineering, {ICSE} '13,
               San Francisco, CA, USA, May 18-26, 2013},
  pages     = {23--32},
  year      = {2013},
  crossref  = {DBLP:conf/icse/2013},
  url       = {http://dl.acm.org/citation.cfm?id=2486792},
  timestamp = {Tue, 21 May 2013 09:47:28 +0200},
  biburl    = {http://dblp.uni-trier.de/rec/bib/conf/icse/LeeCJ13},
  bibsource = {dblp computer science bibliography, http://dblp.org}
}

@inproceedings{DBLP:conf/ecoop/NegaraVCJD12,
  author    = {Stas Negara and
               Mohsen Vakilian and
               Nicholas Chen and
               Ralph E. Johnson and
               Danny Dig},
  title     = {Is It Dangerous to Use Version Control Histories to Study Source Code
               Evolution?},
  booktitle = {{ECOOP} 2012 - Object-Oriented Programming - 26th European Conference,
               Beijing, China, June 11-16, 2012. Proceedings},
  pages     = {79--103},
  year      = {2012},
  crossref  = {DBLP:conf/ecoop/2012},
  url       = {http://dx.doi.org/10.1007/978-3-642-31057-7_5},
  doi       = {10.1007/978-3-642-31057-7_5},
  timestamp = {Tue, 03 Jul 2012 13:10:48 +0200},
  biburl    = {http://dblp.uni-trier.de/rec/bib/conf/ecoop/NegaraVCJD12},
  bibsource = {dblp computer science bibliography, http://dblp.org}
}

@inproceedings{DBLP:conf/icse/VakilianCNRBJ12,
  author    = {Mohsen Vakilian and
               Nicholas Chen and
               Stas Negara and
               Balaji Ambresh Rajkumar and
               Brian P. Bailey and
               Ralph E. Johnson},
  title     = {Use, disuse, and misuse of automated refactorings},
  booktitle = {34th International Conference on Software Engineering, {ICSE} 2012,
               June 2-9, 2012, Zurich, Switzerland},
  pages     = {233--243},
  year      = {2012},
  crossref  = {DBLP:conf/icse/2012},
  url       = {http://dx.doi.org/10.1109/ICSE.2012.6227190},
  doi       = {10.1109/ICSE.2012.6227190},
  timestamp = {Mon, 10 Sep 2012 14:08:11 +0200},
  biburl    = {http://dblp.uni-trier.de/rec/bib/conf/icse/VakilianCNRBJ12},
  bibsource = {dblp computer science bibliography, http://dblp.org}
}

## Emerson Murphy Hill

@inproceedings{DBLP:conf/icse/GeM14,
  author    = {Xi Ge and
               Emerson R. Murphy{-}Hill},
  title     = {Manual refactoring changes with automated refactoring validation},
  booktitle = {36th International Conference on Software Engineering, {ICSE} '14,
               Hyderabad, India - May 31 - June 07, 2014},
  pages     = {1095--1105},
  year      = {2014},
  crossref  = {DBLP:conf/icse/2014},
  url       = {http://doi.acm.org/10.1145/2568225.2568280},
  doi       = {10.1145/2568225.2568280},
  timestamp = {Sun, 18 May 2014 16:12:57 +0200},
  biburl    = {http://dblp.uni-trier.de/rec/bib/conf/icse/GeM14},
  bibsource = {dblp computer science bibliography, http://dblp.org}
}

@inproceedings{DBLP:conf/pldi/JinSSSL12,
  author    = {Guoliang Jin and
               Linhai Song and
               Xiaoming Shi and
               Joel Scherpelz and
               Shan Lu},
  title     = {Understanding and detecting real-world performance bugs},
  booktitle = {{ACM} {SIGPLAN} Conference on Programming Language Design and Implementation,
               {PLDI} '12, Beijing, China - June 11 - 16, 2012},
  pages     = {77--88},
  year      = {2012},
  crossref  = {DBLP:conf/pldi/2012},
  url       = {http://doi.acm.org/10.1145/2254064.2254075},
  doi       = {10.1145/2254064.2254075},
  timestamp = {Tue, 12 Jun 2012 20:04:16 +0200},
  biburl    = {http://dblp.uni-trier.de/rec/bib/conf/pldi/JinSSSL12},
  bibsource = {dblp computer science bibliography, http://dblp.org}
}
@inproceedings{DBLP:conf/icse/JohnsonSMB13,
  author    = {Brittany Johnson and
               Yoonki Song and
               Emerson R. Murphy{-}Hill and
               Robert W. Bowdidge},
  title     = {Why don't software developers use static analysis tools to find bugs?},
  booktitle = {35th International Conference on Software Engineering, {ICSE} '13,
               San Francisco, CA, USA, May 18-26, 2013},
  pages     = {672--681},
  year      = {2013},
  crossref  = {DBLP:conf/icse/2013},
  url       = {http://dl.acm.org/citation.cfm?id=2486877},
  timestamp = {Tue, 21 May 2013 09:47:28 +0200},
  biburl    = {http://dblp.uni-trier.de/rec/bib/conf/icse/JohnsonSMB13},
  bibsource = {dblp computer science bibliography, http://dblp.org}
}


## Thomas Zimmerman

@inproceedings{DBLP:conf/icse/BegelKZ10,
  author    = {Andrew Begel and
               Yit Phang Khoo and
               Thomas Zimmermann},
  title     = {Codebook: discovering and exploiting relationships in software repositories},
  booktitle = {Proceedings of the 32nd {ACM/IEEE} International Conference on Software
               Engineering - Volume 1, {ICSE} 2010, Cape Town, South Africa, 1-8
               May 2010},
  pages     = {125--134},
  year      = {2010},
  crossref  = {DBLP:conf/icse/2010-1},
  url       = {http://doi.acm.org/10.1145/1806799.1806821},
  doi       = {10.1145/1806799.1806821},
  timestamp = {Sun, 06 Jun 2010 12:25:52 +0200},
  biburl    = {http://dblp.uni-trier.de/rec/bib/conf/icse/BegelKZ10},
  bibsource = {dblp computer science bibliography, http://dblp.org}
}

@inproceedings{DBLP:conf/icse/BegelZ14,
  author    = {Andrew Begel and
               Thomas Zimmermann},
  title     = {Analyze this! 145 questions for data scientists in software engineering},
  booktitle = {36th International Conference on Software Engineering, {ICSE} '14,
               Hyderabad, India - May 31 - June 07, 2014},
  pages     = {12--13},
  year      = {2014},
  crossref  = {DBLP:conf/icse/2014},
  url       = {http://doi.acm.org/10.1145/2568225.2568233},
  doi       = {10.1145/2568225.2568233},
  timestamp = {Sun, 18 May 2014 16:14:01 +0200},
  biburl    = {http://dblp.uni-trier.de/rec/bib/conf/icse/BegelZ14},
  bibsource = {dblp computer science bibliography, http://dblp.org}
}

@article{DBLP:journals/jss/FokaefsTSC12,
  author    = {Marios Fokaefs and
               Nikolaos Tsantalis and
               Eleni Stroulia and
               Alexander Chatzigeorgiou},
  title     = {Identification and application of Extract Class refactorings in object-oriented
               systems},
  journal   = {Journal of Systems and Software},
  volume    = {85},
  number    = {10},
  pages     = {2241--2260},
  year      = {2012},
  url       = {http://dx.doi.org/10.1016/j.jss.2012.04.013},
  doi       = {10.1016/j.jss.2012.04.013},
  timestamp = {Thu, 18 Oct 2012 15:20:58 +0200},
  biburl    = {http://dblp.uni-trier.de/rec/bib/journals/jss/FokaefsTSC12},
  bibsource = {dblp computer science bibliography, http://dblp.org}
}

@inproceedings{DBLP:conf/csmr/MondalRS14,
  author    = {Manishankar Mondal and
               Chanchal K. Roy and
               Kevin A. Schneider},
  title     = {Automatic ranking of clones for refactoring through mining association
               rules},
  booktitle = {2014 Software Evolution Week - {IEEE} Conference on Software Maintenance,
               Reengineering, and Reverse Engineering, {CSMR-WCRE} 2014, Antwerp,
               Belgium, February 3-6, 2014},
  pages     = {114--123},
  year      = {2014},
  crossref  = {DBLP:conf/csmr/2014},
  url       = {http://dx.doi.org/10.1109/CSMR-WCRE.2014.6747161},
  doi       = {10.1109/CSMR-WCRE.2014.6747161},
  timestamp = {Tue, 25 Nov 2014 17:58:59 +0100},
  biburl    = {http://dblp.uni-trier.de/rec/bib/conf/csmr/MondalRS14},
  bibsource = {dblp computer science bibliography, http://dblp.org}
}

@inproceedings{DBLP:conf/eclipse/JablonskiH07,
  author    = {Patricia Jablonski and
               Daqing Hou},
  title     = {CReN: a tool for tracking copy-and-paste code clones and renaming
               identifiers consistently in the {IDE}},
  booktitle = {Proceedings of the 2007 {OOPSLA} workshop on Eclipse Technology eXchange,
               {ETX} 2007, Montreal, Quebec, Canada, October 21, 2007},
  pages     = {16--20},
  year      = {2007},
  crossref  = {DBLP:conf/eclipse/2007},
  url       = {http://doi.acm.org/10.1145/1328279.1328283},
  doi       = {10.1145/1328279.1328283},
  timestamp = {Tue, 17 Jun 2008 07:54:10 +0200},
  biburl    = {http://dblp.uni-trier.de/rec/bib/conf/eclipse/JablonskiH07},
  bibsource = {dblp computer science bibliography, http://dblp.org}
}


@inproceedings{DBLP:conf/icse/ZhangYZFZZO12,
  author    = {Cheng Zhang and
               Juyuan Yang and
               Yi Zhang and
               Jing Fan and
               Xin Zhang and
               Jianjun Zhao and
               Peizhao Ou},
  title     = {Automatic parameter recommendation for practical {API} usage},
  booktitle = {34th International Conference on Software Engineering, {ICSE} 2012,
               June 2-9, 2012, Zurich, Switzerland},
  pages     = {826--836},
  year      = {2012},
  crossref  = {DBLP:conf/icse/2012},
  url       = {http://dx.doi.org/10.1109/ICSE.2012.6227136},
  doi       = {10.1109/ICSE.2012.6227136},
  timestamp = {Mon, 10 Sep 2012 14:08:11 +0200},
  biburl    = {http://dblp.uni-trier.de/rec/bib/conf/icse/ZhangYZFZZO12},
  bibsource = {dblp computer science bibliography, http://dblp.org}
}

@inproceedings{DBLP:conf/csmr/KashiwabaraOIHYI14,
  author    = {Yuki Kashiwabara and
               Yuya Onizuka and
               Takashi Ishio and
               Yasuhiro Hayase and
               Tetsuo Yamamoto and
               Katsuro Inoue},
  title     = {Recommending verbs for rename method using association rule mining},
  booktitle = {2014 Software Evolution Week - {IEEE} Conference on Software Maintenance,
               Reengineering, and Reverse Engineering, {CSMR-WCRE} 2014, Antwerp,
               Belgium, February 3-6, 2014},
  pages     = {323--327},
  year      = {2014},
  crossref  = {DBLP:conf/csmr/2014},
  url       = {http://dx.doi.org/10.1109/CSMR-WCRE.2014.6747186},
  doi       = {10.1109/CSMR-WCRE.2014.6747186},
  timestamp = {Tue, 25 Nov 2014 17:58:59 +0100},
  biburl    = {http://dblp.uni-trier.de/rec/bib/conf/csmr/KashiwabaraOIHYI14},
  bibsource = {dblp computer science bibliography, http://dblp.org}
}


@inproceedings{DBLP:conf/oopsla/MirghasemiBP11,
  author    = {Salman Mirghasemi and
               John J. Barton and
               Claude Petitpierre},
  title     = {Naming anonymous javascript functions},
  booktitle = {Companion to the 26th Annual {ACM} {SIGPLAN} Conference on Object-Oriented
               Programming, Systems, Languages, and Applications, {OOPSLA} 2011,
               part of {SPLASH} 2011, Portland, OR, USA, October 22 - 27, 2011},
  pages     = {277--288},
  year      = {2011},
  crossref  = {DBLP:conf/oopsla/2011c},
  url       = {http://doi.acm.org/10.1145/2048147.2048222},
  doi       = {10.1145/2048147.2048222},
  timestamp = {Tue, 25 Oct 2011 21:19:06 +0200},
  biburl    = {http://dblp.uni-trier.de/rec/bib/conf/oopsla/MirghasemiBP11},
  bibsource = {dblp computer science bibliography, http://dblp.org}
}



#####Code completion

@inproceedings{DBLP:conf/icse/FosterGL12,
  author    = {Stephen R. Foster and
               William G. Griswold and
               Sorin Lerner},
  title     = {WitchDoctor: {IDE} support for real-time auto-completion of refactorings},
  booktitle = {34th International Conference on Software Engineering, {ICSE} 2012,
               June 2-9, 2012, Zurich, Switzerland},
  pages     = {222--232},
  year      = {2012},
  crossref  = {DBLP:conf/icse/2012},
  url       = {http://dx.doi.org/10.1109/ICSE.2012.6227191},
  doi       = {10.1109/ICSE.2012.6227191},
  timestamp = {Mon, 10 Sep 2012 14:08:11 +0200},
  biburl    = {http://dblp.uni-trier.de/rec/bib/conf/icse/FosterGL12},
  bibsource = {dblp computer science bibliography, http://dblp.org}
}

@inproceedings{DBLP:conf/icse/OmarYLM12,
  author    = {Cyrus Omar and
               YoungSeok Yoon and
               Thomas D. LaToza and
               Brad A. Myers},
  title     = {Active code completion},
  booktitle = {34th International Conference on Software Engineering, {ICSE} 2012,
               June 2-9, 2012, Zurich, Switzerland},
  pages     = {859--869},
  year      = {2012},
  crossref  = {DBLP:conf/icse/2012},
  url       = {http://dx.doi.org/10.1109/ICSE.2012.6227133},
  doi       = {10.1109/ICSE.2012.6227133},
  timestamp = {Mon, 10 Sep 2012 14:08:11 +0200},
  biburl    = {http://dblp.uni-trier.de/rec/bib/conf/icse/OmarYLM12},
  bibsource = {dblp computer science bibliography, http://dblp.org}
}

@inproceedings{DBLP:conf/icse/LeeHKM04,
  author    = {Yun Young Lee and
               Sam Harwell and
               Sarfraz Khurshid and
               Darko Marinov},
  title     = {Temporal code completion and navigation},
  booktitle = {35th International Conference on Software Engineering, {ICSE} '13,
               San Francisco, CA, USA, May 18-26, 2013},
  pages     = {1181--1184},
  year      = {2013},
  crossref  = {DBLP:conf/icse/2013},
  url       = {http://dl.acm.org/citation.cfm?id=2486956},
  timestamp = {Thu, 23 May 2013 09:01:53 +0200},
  biburl    = {http://dblp.uni-trier.de/rec/bib/conf/icse/LeeHKM04},
  bibsource = {dblp computer science bibliography, http://dblp.org}
}

@inproceedings{DBLP:conf/kbse/RobbesL08,
  author    = {Romain Robbes and
               Michele Lanza},
  title     = {How Program History Can Improve Code Completion},
  booktitle = {23rd {IEEE/ACM} International Conference on Automated Software Engineering
               {(ASE} 2008), 15-19 September 2008, L'Aquila, Italy},
  pages     = {317--326},
  year      = {2008},
  crossref  = {DBLP:conf/kbse/2008},
  url       = {http://dx.doi.org/10.1109/ASE.2008.42},
  doi       = {10.1109/ASE.2008.42},
  timestamp = {Wed, 29 Oct 2008 13:13:40 +0100},
  biburl    = {http://dblp.uni-trier.de/rec/bib/conf/kbse/RobbesL08},
  bibsource = {dblp computer science bibliography, http://dblp.org}
}

@inproceedings{DBLP:conf/icse/NguyenNNTNAN12,
  author    = {Anh Tuan Nguyen and
               Tung Thanh Nguyen and
               Hoan Anh Nguyen and
               Ahmed Tamrawi and
               Hung Viet Nguyen and
               Jafar M. Al{-}Kofahi and
               Tien N. Nguyen},
  title     = {Graph-based pattern-oriented, context-sensitive source code completion},
  booktitle = {34th International Conference on Software Engineering, {ICSE} 2012,
               June 2-9, 2012, Zurich, Switzerland},
  pages     = {69--79},
  year      = {2012},
  crossref  = {DBLP:conf/icse/2012},
  url       = {http://dx.doi.org/10.1109/ICSE.2012.6227205},
  doi       = {10.1109/ICSE.2012.6227205},
  timestamp = {Mon, 10 Sep 2012 14:08:11 +0200},
  biburl    = {http://dblp.uni-trier.de/rec/bib/conf/icse/NguyenNNTNAN12},
  bibsource = {dblp computer science bibliography, http://dblp.org}
}

@inproceedings{DBLP:conf/icse/GeDM12,
  author    = {Xi Ge and
               Quinton L. DuBose and
               Emerson R. Murphy{-}Hill},
  title     = {Reconciling manual and automatic refactoring},
  booktitle = {34th International Conference on Software Engineering, {ICSE} 2012,
               June 2-9, 2012, Zurich, Switzerland},
  pages     = {211--221},
  year      = {2012},
  crossref  = {DBLP:conf/icse/2012},
  url       = {http://dx.doi.org/10.1109/ICSE.2012.6227192},
  doi       = {10.1109/ICSE.2012.6227192},
  timestamp = {Mon, 10 Sep 2012 14:08:11 +0200},
  biburl    = {http://dblp.uni-trier.de/rec/bib/conf/icse/GeDM12},
  bibsource = {dblp computer science bibliography, http://dblp.org}
}


@inproceedings{DBLP:conf/sigsoft/BruchMM09,
  author    = {Marcel Bruch and
               Martin Monperrus and
               Mira Mezini},
  title     = {Learning from examples to improve code completion systems},
  booktitle = {Proceedings of the 7th joint meeting of the European Software Engineering
               Conference and the {ACM} {SIGSOFT} International Symposium on Foundations
               of Software Engineering, 2009, Amsterdam, The Netherlands, August
               24-28, 2009},
  pages     = {213--222},
  year      = {2009},
  crossref  = {DBLP:conf/sigsoft/2009},
  url       = {http://doi.acm.org/10.1145/1595696.1595728},
  doi       = {10.1145/1595696.1595728},
  timestamp = {Mon, 31 Aug 2009 15:28:38 +0200},
  biburl    = {http://dblp.uni-trier.de/rec/bib/conf/sigsoft/BruchMM09},
  bibsource = {dblp computer science bibliography, http://dblp.org}
}

@inproceedings{DBLP:conf/kbse/RobbesL08,
  author    = {Romain Robbes and
               Michele Lanza},
  title     = {How Program History Can Improve Code Completion},
  booktitle = {23rd {IEEE/ACM} International Conference on Automated Software Engineering
               {(ASE} 2008), 15-19 September 2008, L'Aquila, Italy},
  pages     = {317--326},
  year      = {2008},
  crossref  = {DBLP:conf/kbse/2008},
  url       = {http://dx.doi.org/10.1109/ASE.2008.42},
  doi       = {10.1109/ASE.2008.42},
  timestamp = {Wed, 29 Oct 2008 13:13:40 +0100},
  biburl    = {http://dblp.uni-trier.de/rec/bib/conf/kbse/RobbesL08},
  bibsource = {dblp computer science bibliography, http://dblp.org}
}

@article{DBLP:journals/ese/MonperrusETM12,
  author    = {Martin Monperrus and
               Michael Eichberg and
               Elif Tekes and
               Mira Mezini},
  title     = {What should developers be aware of? An empirical study on the directives
               of {API} documentation},
  journal   = {Empirical Software Engineering},
  volume    = {17},
  number    = {6},
  pages     = {703--737},
  year      = {2012},
  url       = {http://dx.doi.org/10.1007/s10664-011-9186-4},
  doi       = {10.1007/s10664-011-9186-4},
  timestamp = {Tue, 04 Sep 2012 19:26:24 +0200},
  biburl    = {http://dblp.uni-trier.de/rec/bib/journals/ese/MonperrusETM12},
  bibsource = {dblp computer science bibliography, http://dblp.org}
}

@article{DBLP:journals/ase/HanWM11,
  author    = {Sangmok Han and
               David R. Wallace and
               Robert C. Miller},
  title     = {Code completion of multiple keywords from abbreviated input},
  journal   = {Autom. Softw. Eng.},
  volume    = {18},
  number    = {3-4},
  pages     = {363--398},
  year      = {2011},
  url       = {http://dx.doi.org/10.1007/s10515-011-0083-2},
  doi       = {10.1007/s10515-011-0083-2},
  timestamp = {Tue, 12 Jul 2011 12:57:02 +0200},
  biburl    = {http://dblp.uni-trier.de/rec/bib/journals/ase/HanWM11},
  bibsource = {dblp computer science bibliography, http://dblp.org}
}

