%% Zhendong Su

@inproceedings{DBLP:conf/sigsoft/TuSD14,
  author    = {Zhaopeng Tu and
               Zhendong Su and
               Premkumar T. Devanbu},
  title     = {On the localness of software},
  booktitle = {Proceedings of the 22nd {ACM} {SIGSOFT} International Symposium on
               Foundations of Software Engineering, (FSE-22), Hong Kong, China, November
               16 - 22, 2014},
  pages     = {269--280},
  year      = {2014},
  crossref  = {DBLP:conf/sigsoft/2014},
  url       = {http://doi.acm.org/10.1145/2635868.2635875},
  doi       = {10.1145/2635868.2635875},
  timestamp = {Fri, 07 Nov 2014 13:02:02 +0100},
  biburl    = {http://dblp.uni-trier.de/rec/bib/conf/sigsoft/TuSD14},
  bibsource = {dblp computer science bibliography, http://dblp.org}
}

@inproceedings{DBLP:conf/oopsla/ZhongS13,
  author    = {Hao Zhong and
               Zhendong Su},
  title     = {Detecting {API} documentation errors},
  booktitle = {Proceedings of the 2013 {ACM} {SIGPLAN} International Conference on
               Object Oriented Programming Systems Languages {\&} Applications,
               {OOPSLA} 2013, part of {SPLASH} 2013, Indianapolis, IN, USA, October
               26-31, 2013},
  pages     = {803--816},
  year      = {2013},
  crossref  = {DBLP:conf/oopsla/2013},
  url       = {http://doi.acm.org/10.1145/2509136.2509523},
  doi       = {10.1145/2509136.2509523},
  timestamp = {Fri, 25 Oct 2013 08:46:39 +0200},
  biburl    = {http://dblp.uni-trier.de/rec/bib/conf/oopsla/ZhongS13},
  bibsource = {dblp computer science bibliography, http://dblp.org}
}

@inproceedings{DBLP:conf/icse/HindleBSGD12,
  author    = {Abram Hindle and
               Earl T. Barr and
               Zhendong Su and
               Mark Gabel and
               Premkumar T. Devanbu},
  title     = {On the naturalness of software},
  booktitle = {34th International Conference on Software Engineering, {ICSE} 2012,
               June 2-9, 2012, Zurich, Switzerland},
  pages     = {837--847},
  year      = {2012},
  crossref  = {DBLP:conf/icse/2012},
  url       = {http://dx.doi.org/10.1109/ICSE.2012.6227135},
  doi       = {10.1109/ICSE.2012.6227135},
  timestamp = {Mon, 10 Sep 2012 14:08:11 +0200},
  biburl    = {http://dblp.uni-trier.de/rec/bib/conf/icse/HindleBSGD12},
  bibsource = {dblp computer science bibliography, http://dblp.org}
}

@inproceedings{DBLP:conf/sigsoft/GabelS12,
  author    = {Mark Gabel and
               Zhendong Su},
  title     = {Testing mined specifications},
  booktitle = {20th {ACM} {SIGSOFT} Symposium on the Foundations of Software Engineering
               (FSE-20), SIGSOFT/FSE'12, Cary, NC, {USA} - November 11 - 16, 2012},
  pages     = {4},
  year      = {2012},
  crossref  = {DBLP:conf/sigsoft/2012},
  url       = {http://doi.acm.org/10.1145/2393596.2393598},
  doi       = {10.1145/2393596.2393598},
  timestamp = {Wed, 14 Nov 2012 12:22:39 +0100},
  biburl    = {http://dblp.uni-trier.de/rec/bib/conf/sigsoft/GabelS12},
  bibsource = {dblp computer science bibliography, http://dblp.org}
}

@inproceedings{DBLP:conf/oopsla/GabelYYGS10,
  author    = {Mark Gabel and
               Junfeng Yang and
               Yuan Yu and
               Mois{\'{e}}s Goldszmidt and
               Zhendong Su},
  title     = {Scalable and systematic detection of buggy inconsistencies in source
               code},
  booktitle = {Proceedings of the 25th Annual {ACM} {SIGPLAN} Conference on Object-Oriented
               Programming, Systems, Languages, and Applications, {OOPSLA} 2010,
               October 17-21, 2010, Reno/Tahoe, Nevada, {USA}},
  pages     = {175--190},
  year      = {2010},
  crossref  = {DBLP:conf/oopsla/2010},
  url       = {http://doi.acm.org/10.1145/1869459.1869475},
  doi       = {10.1145/1869459.1869475},
  timestamp = {Wed, 27 Oct 2010 13:53:08 +0200},
  biburl    = {http://dblp.uni-trier.de/rec/bib/conf/oopsla/GabelYYGS10},
  bibsource = {dblp computer science bibliography, http://dblp.org}
}

@inproceedings{DBLP:conf/sigsoft/GabelS10,
  author    = {Mark Gabel and
               Zhendong Su},
  title     = {A study of the uniqueness of source code},
  booktitle = {Proceedings of the 18th {ACM} {SIGSOFT} International Symposium on
               Foundations of Software Engineering, 2010, Santa Fe, NM, USA, November
               7-11, 2010},
  pages     = {147--156},
  year      = {2010},
  crossref  = {DBLP:conf/sigsoft/2010},
  url       = {http://doi.acm.org/10.1145/1882291.1882315},
  doi       = {10.1145/1882291.1882315},
  timestamp = {Fri, 28 Jan 2011 07:43:10 +0100},
  biburl    = {http://dblp.uni-trier.de/rec/bib/conf/sigsoft/GabelS10},
  bibsource = {dblp computer science bibliography, http://dblp.org}
}

@inproceedings{DBLP:conf/sigsoft/JiangSC07,
  author    = {Lingxiao Jiang and
               Zhendong Su and
               Edwin Chiu},
  title     = {Context-based detection of clone-related bugs},
  booktitle = {Proceedings of the 6th joint meeting of the European Software Engineering
               Conference and the {ACM} {SIGSOFT} International Symposium on Foundations
               of Software Engineering, 2007, Dubrovnik, Croatia, September 3-7,
               2007},
  pages     = {55--64},
  year      = {2007},
  crossref  = {DBLP:conf/sigsoft/2007},
  url       = {http://doi.acm.org/10.1145/1287624.1287634},
  doi       = {10.1145/1287624.1287634},
  timestamp = {Mon, 03 Nov 2008 10:57:37 +0100},
  biburl    = {http://dblp.uni-trier.de/rec/bib/conf/sigsoft/JiangSC07},
  bibsource = {dblp computer science bibliography, http://dblp.org}
}


##Xifen Yan

@inproceedings{DBLP:conf/icdm/YanH02,
  author    = {Xifeng Yan and
               Jiawei Han},
  title     = {gSpan: Graph-Based Substructure Pattern Mining},
  booktitle = {Proceedings of the 2002 {IEEE} International Conference on Data Mining
               {(ICDM} 2002), 9-12 December 2002, Maebashi City, Japan},
  pages     = {721--724},
  year      = {2002},
  crossref  = {DBLP:conf/icdm/2002},
  url       = {http://dx.doi.org/10.1109/ICDM.2002.1184038},
  doi       = {10.1109/ICDM.2002.1184038},
  timestamp = {Wed, 17 Sep 2014 19:35:14 +0200},
  biburl    = {http://dblp.uni-trier.de/rec/bib/conf/icdm/YanH02},
  bibsource = {dblp computer science bibliography, http://dblp.org}
}

@article{DBLP:journals/tkde/GudesSV06,
  author    = {Ehud Gudes and
               Solomon Eyal Shimony and
               Natalia Vanetik},
  title     = {Discovering Frequent Graph Patterns Using Disjoint Paths},
  journal   = {{IEEE} Trans. Knowl. Data Eng.},
  volume    = {18},
  number    = {11},
  pages     = {1441--1456},
  year      = {2006},
  url       = {http://doi.ieeecomputersociety.org/10.1109/TKDE.2006.173},
  doi       = {10.1109/TKDE.2006.173},
  timestamp = {Fri, 10 Nov 2006 12:43:19 +0100},
  biburl    = {http://dblp.uni-trier.de/rec/bib/journals/tkde/GudesSV06},
  bibsource = {dblp computer science bibliography, http://dblp.org}
}

@inproceedings{DBLP:conf/icml/MaddisonT14,
  author    = {Chris J. Maddison and
               Daniel Tarlow},
  title     = {Structured Generative Models of Natural Source Code},
  booktitle = {Proceedings of the 31th International Conference on Machine Learning,
               {ICML} 2014, Beijing, China, 21-26 June 2014},
  pages     = {649--657},
  year      = {2014},
  crossref  = {DBLP:conf/icml/2014},
  url       = {http://jmlr.org/proceedings/papers/v32/maddison14.html},
  timestamp = {Fri, 07 Nov 2014 20:42:30 +0100},
  biburl    = {http://dblp.uni-trier.de/rec/bib/conf/icml/MaddisonT14},
  bibsource = {dblp computer science bibliography, http://dblp.org}
}