@inproceedings{hawkins:datasynthesis11,
  author    = {Peter Hawkins and
               Alex Aiken and
               Kathleen Fisher and
               Martin C. Rinard and
               Mooly Sagiv},
  title     = {Data representation synthesis},
  booktitle = {PLDI},
  year      = {2011},
  pages     = {38-49},
}



@inproceedings{singh:dssynthesis11,
  author    = {Rishabh Singh and
               Armando Solar-Lezama},
  title     = {Synthesizing data structure manipulations from storyboards},
  booktitle = {SIGSOFT FSE},
  year      = {2011},
  pages     = {289-299},
}

@inproceedings{murphy:coderecommend05,
  author    = {Reid Holmes and
               Gail C. Murphy},
  title     = {Using structural context to recommend source code examples},
  booktitle = {ICSE},
  year      = {2005},
  pages     = {117-125},
}
%%%%%Bodik
@inproceedings{bodik:jungloid05,
  author    = {David Mandelin and
               Lin Xu and
               Rastislav Bod\'{\i}k and
               Doug Kimelman},
  title     = {Jungloid mining: helping to navigate the API jungle},
  booktitle = {PLDI},
  year      = {2005},
  pages     = {48-61},
}


@inproceedings{bodik:codehit14,
  author    = {Joel Galenson and
               Philip Reames and
               Rastislav Bod\'{\i}k and  Bj{\"o}rn Hartmann and 
               Koushik Sen},
  title     = {CodeHint: Dynamic and Interactive Synthesis of Code Snippets},
  booktitle = {ICSE},
  year      = {2014}
}

%%%%Senfix
@inproceedings{nguyen:semfix13,
  author    = {Hoang Duong Thien Nguyen and
               Dawei Qi and
               Abhik Roychoudhury and
               Satish Chandra},
  title     = {SemFix: program repair via semantic analysis},
  booktitle = {ICSE},
  year      = {2013},
  pages     = {772-781},
}
%%%MintHint 
@article{orso:minthint13,
  author    = {Shalini Kaleeswaran and
               Varun Tulsian and
               Aditya Kanade and
               Alessandro Orso},
  title     = {MintHint: Automated Synthesis of Repair Hints},
  journal   = {CoRR},
  volume    = {abs/1306.1286},
  year      = {2013},
}
%%%%Parameter recommend
@inproceedings{zhang:parameterrecommend12,
  author    = {Cheng Zhang and
               Juyuan Yang and
               Yi Zhang and
               Jing Fan and
               Xin Zhang and
               Jianjun Zhao and
               Peizhao Ou},
  title     = {Automatic parameter recommendation for practical API usage},
  booktitle = {ICSE},
  year      = {2012},
  pages     = {826-836},
}

%%%%%naming
@article{kuhn:name,
  author    = {Adrian Kuhn},
  title     = {On Recommending Meaningful Names in Source and UML},
  journal   = {RSSE},
  year      = {2010}
}

@inproceedings{yuki:verbrecommend14,
  author    = {Yuki Kashiwabara and
               Yuya Onizuka and
               Takashi Ishio and
               Yasuhiro Hayase and
               Tetsuo Yamamoto and
               Katsuro Inoue},
  title     = {Recommending verbs for rename method using association rule
               mining},
  booktitle = {CSMR-WCRE},
  year      = {2014},
  pages     = {323-327},
  }
%%%%Butler
@inproceedings{butler:classname11,
  author    = {Simon Butler and
               Michel Wermelinger and
               Yijun Yu and
               Helen Sharp},
  title     = {Mining java class naming conventions},
  booktitle = {ICSM},
  year      = {2011},
  pages     = {93-102},
}

@inproceedings{butler:influence10,
  author    = {Simon Butler and
               Michel Wermelinger and
               Yijun Yu and
               Helen Sharp},
  title     = {Exploring the Influence of Identifier Names on Code Quality:
               An Empirical Study},
  booktitle = {CSMR},
  year      = {2010},
  pages     = {156-165},
}

%%%not recommend, use prev
@inproceedings{butler:classname12,
  author    = {Simon Butler},
  title     = {Mining Java class identifier naming conventions},
  booktitle = {ICSE},
  year      = {2012},
  pages     = {1641-1643},
}


%%%%%%%Method Name
%%Einar
@inproceedings{einar:debugname09,
  author    = {Einar W. H{\o}st and
               Bjarte M. {\O}stvold},
  title     = {Debugging Method Names},
  booktitle = {ECOOP},
  year      = {2009},
  pages     = {294-317},
}
@inproceedings{einar:canonicalname10,
  author    = {Einar W. H{\o}st and
               Bjarte M. {\O}stvold},
  title     = {Canonical Method Names for Java - Using Implementation Semantics
               to Identify Synonymous Verbs},
  booktitle = {SLE},
  year      = {2010},
  pages     = {226-245},
}

%%%%%Lawrie
@article{binkley:styleeffort13,
  author    = {Dave Binkley and
               Marcia Davis and
               Dawn Lawrie and
               Jonathan I. Maletic and
               Christopher Morrell and
               Bonita Sharif},
  title     = {The impact of identifier style on effort and comprehension},
  journal   = {Empirical Software Engineering},
  volume    = {18},
  number    = {2},
  year      = {2013},
  pages     = {219-276},
}
%%%%
@inproceedings{lawrie:studyindentifier06,
  author    = {Dawn Lawrie and
               Christopher Morrell and
               Henry Feild and
               David Binkley},
  title     = {What's in a Name? A Study of Identifiers},
  booktitle = {ICPC},
  year      = {2006},
  pages     = {3-12},
}

@article{lawrie:effective07,
  author    = {Dawn Lawrie and
               Christopher Morrell and
               Henry Feild and
               David Binkley},
  title     = {Effective identifier names for comprehension and memory},
  journal   = {ISSE},
  volume    = {3},
  number    = {4},
  year      = {2007},
  pages     = {303-318},
}

%%not related
@inproceedings{lucia:irname12,
  author    = {Andrea De Lucia and
               Massimiliano Di Penta and
               Rocco Oliveto and
               Annibale Panichella and
               Sebastiano Panichella},
  title     = {Using IR methods for labeling source code artifacts: Is
               it worthwhile?},
  booktitle = {ICPC},
  year      = {2012},
  pages     = {193-202},
}




%%%%%%%not replated
@inproceedings{gil:pattern05,
  author    = {Joseph Gil and
               Itay Maman},
  title     = {Micro patterns in Java code},
  booktitle = {OOPSLA},
  year      = {2005},
  pages     = {97-116},
}


@inproceedings{caprile:reconstruct00,
  author    = {Bruno Caprile and
               Paolo Tonella},
  title     = {Restructuring Program Identifier Names},
  booktitle = {ICSM},
  year      = {2000},
  pages     = {97-107},
}


@inproceedings{singer:pattern08,
  author    = {Jeremy Singer and
               Chris C. Kirkham},
  title     = {Exploiting the Correspondence between Micro Patterns and
               Class Names},
  booktitle = {SCAM},
  year      = {2008},
  pages     = {67-76},
}

######Sumit Guwani

@article{DBLP:journals/cacm/GulwaniHS12,
  author    = {Sumit Gulwani and
               William R. Harris and
               Rishabh Singh},
  title     = {Spreadsheet data manipulation using examples},
  journal   = {Commun. {ACM}},
  volume    = {55},
  number    = {8},
  pages     = {97--105},
  year      = {2012},
  url       = {http://doi.acm.org/10.1145/2240236.2240260},
  doi       = {10.1145/2240236.2240260},
  timestamp = {Fri, 07 Sep 2012 09:00:32 +0200},
  biburl    = {http://dblp.uni-trier.de/rec/bib/journals/cacm/GulwaniHS12},
  bibsource = {dblp computer science bibliography, http://dblp.org}
}

@inproceedings{DBLP:conf/cav/AlbarghouthiGK13,
  author    = {Aws Albarghouthi and
               Sumit Gulwani and
               Zachary Kincaid},
  title     = {Recursive Program Synthesis},
  booktitle = {Computer Aided Verification - 25th International Conference, {CAV}
               2013, Saint Petersburg, Russia, July 13-19, 2013. Proceedings},
  pages     = {934--950},
  year      = {2013},
  crossref  = {DBLP:conf/cav/2013},
  url       = {http://dx.doi.org/10.1007/978-3-642-39799-8_67},
  doi       = {10.1007/978-3-642-39799-8_67},
  timestamp = {Fri, 12 Jul 2013 13:57:42 +0200},
  biburl    = {http://dblp.uni-trier.de/rec/bib/conf/cav/AlbarghouthiGK13},
  bibsource = {dblp computer science bibliography, http://dblp.org}
}

@inproceedings{DBLP:conf/popl/Gulwani11,
  author    = {Sumit Gulwani},
  title     = {Automating string processing in spreadsheets using input-output examples},
  booktitle = {Proceedings of the 38th {ACM} {SIGPLAN-SIGACT} Symposium on Principles
               of Programming Languages, {POPL} 2011, Austin, TX, USA, January 26-28,
               2011},
  pages     = {317--330},
  year      = {2011},
  crossref  = {DBLP:conf/popl/2011},
  url       = {http://doi.acm.org/10.1145/1926385.1926423},
  doi       = {10.1145/1926385.1926423},
  timestamp = {Tue, 22 May 2012 15:24:56 +0200},
  biburl    = {http://dblp.uni-trier.de/rec/bib/conf/popl/Gulwani11},
  bibsource = {dblp computer science bibliography, http://dblp.org}
}

@inproceedings{DBLP:conf/icml/MenonTGLK13,
  author    = {Aditya Krishna Menon and
               Omer Tamuz and
               Sumit Gulwani and
               Butler W. Lampson and
               Adam Kalai},
  title     = {A Machine Learning Framework for Programming by Example},
  booktitle = {Proceedings of the 30th International Conference on Machine Learning,
               {ICML} 2013, Atlanta, GA, USA, 16-21 June 2013},
  pages     = {187--195},
  year      = {2013},
  crossref  = {DBLP:conf/icml/2013},
  url       = {http://jmlr.org/proceedings/papers/v28/menon13.html},
  timestamp = {Thu, 11 Sep 2014 07:28:55 +0200},
  biburl    = {http://dblp.uni-trier.de/rec/bib/conf/icml/MenonTGLK13},
  bibsource = {dblp computer science bibliography, http://dblp.org}
}

@inproceedings{DBLP:conf/fmcad/Gulwani10,
  author    = {Sumit Gulwani},
  title     = {Dimensions in program synthesis},
  booktitle = {Proceedings of 10th International Conference on Formal Methods in
               Computer-Aided Design, {FMCAD} 2010, Lugano, Switzerland, October
               20-23},
  pages     = {1},
  year      = {2010},
  crossref  = {DBLP:conf/fmcad/2010},
  url       = {http://ieeexplore.ieee.org/xpls/abs_all.jsp?arnumber=5770924},
  timestamp = {Mon, 20 Jun 2011 07:23:55 +0200},
  biburl    = {http://dblp.uni-trier.de/rec/bib/conf/fmcad/Gulwani10},
  bibsource = {dblp computer science bibliography, http://dblp.org}
}

@inproceedings{DBLP:conf/ppdp/Gulwani10,
  author    = {Sumit Gulwani},
  title     = {Dimensions in program synthesis},
  booktitle = {Proceedings of the 12th International {ACM} {SIGPLAN} Conference on
               Principles and Practice of Declarative Programming, July 26-28, 2010,
               Hagenberg, Austria},
  pages     = {13--24},
  year      = {2010},
  crossref  = {DBLP:conf/ppdp/2010},
  url       = {http://doi.acm.org/10.1145/1836089.1836091},
  doi       = {10.1145/1836089.1836091},
  timestamp = {Fri, 20 Aug 2010 14:03:10 +0200},
  biburl    = {http://dblp.uni-trier.de/rec/bib/conf/ppdp/Gulwani10},
  bibsource = {dblp computer science bibliography, http://dblp.org}
}

@inproceedings{DBLP:conf/icse/JhaGST10,
  author    = {Susmit Jha and
               Sumit Gulwani and
               Sanjit A. Seshia and
               Ashish Tiwari},
  title     = {Oracle-guided component-based program synthesis},
  booktitle = {Proceedings of the 32nd {ACM/IEEE} International Conference on Software
               Engineering - Volume 1, {ICSE} 2010, Cape Town, South Africa, 1-8
               May 2010},
  pages     = {215--224},
  year      = {2010},
  crossref  = {DBLP:conf/icse/2010-1},
  url       = {http://doi.acm.org/10.1145/1806799.1806833},
  doi       = {10.1145/1806799.1806833},
  timestamp = {Sun, 06 Jun 2010 12:25:52 +0200},
  biburl    = {http://dblp.uni-trier.de/rec/bib/conf/icse/JhaGST10},
  bibsource = {dblp computer science bibliography, http://dblp.org}
}

@inproceedings{DBLP:conf/kdd/PolozovG14,
  author    = {Oleksandr Polozov and
               Sumit Gulwani},
  title     = {LaSEWeb: automating search strategies over semi-structured web data},
  booktitle = {The 20th {ACM} {SIGKDD} International Conference on Knowledge Discovery
               and Data Mining, {KDD} '14, New York, NY, {USA} - August 24 - 27,
               2014},
  pages     = {741--750},
  year      = {2014},
  crossref  = {DBLP:conf/kdd/2014},
  url       = {http://doi.acm.org/10.1145/2623330.2623761},
  doi       = {10.1145/2623330.2623761},
  timestamp = {Wed, 24 Sep 2014 13:01:28 +0200},
  biburl    = {http://dblp.uni-trier.de/rec/bib/conf/kdd/PolozovG14},
  bibsource = {dblp computer science bibliography, http://dblp.org}
}

@inproceedings{DBLP:conf/fmcad/Gulwani10,
  author    = {Sumit Gulwani},
  title     = {Dimensions in program synthesis},
  booktitle = {Proceedings of 10th International Conference on Formal Methods in
               Computer-Aided Design, {FMCAD} 2010, Lugano, Switzerland, October
               20-23},
  pages     = {1},
  year      = {2010},
  crossref  = {DBLP:conf/fmcad/2010},
  url       = {http://ieeexplore.ieee.org/xpls/abs_all.jsp?arnumber=5770924},
  timestamp = {Mon, 20 Jun 2011 07:23:55 +0200},
  biburl    = {http://dblp.uni-trier.de/rec/bib/conf/fmcad/Gulwani10},
  bibsource = {dblp computer science bibliography, http://dblp.org}
}

@inproceedings{DBLP:conf/pldi/GulwaniSV08,
  author    = {Sumit Gulwani and
               Saurabh Srivastava and
               Ramarathnam Venkatesan},
  title     = {Program analysis as constraint solving},
  booktitle = {Proceedings of the {ACM} {SIGPLAN} 2008 Conference on Programming
               Language Design and Implementation, Tucson, AZ, USA, June 7-13, 2008},
  pages     = {281--292},
  year      = {2008},
  crossref  = {DBLP:conf/pldi/2008},
  url       = {http://doi.acm.org/10.1145/1375581.1375616},
  doi       = {10.1145/1375581.1375616},
  timestamp = {Mon, 16 Jun 2008 08:31:44 +0200},
  biburl    = {http://dblp.uni-trier.de/rec/bib/conf/pldi/GulwaniSV08},
  bibsource = {dblp computer science bibliography, http://dblp.org}
}

###Rastislav Bodik

@inproceedings{DBLP:conf/icse/GalensonRBHS14,
  author    = {Joel Galenson and
               Philip Reames and
               Rastislav Bod{\'{\i}}k and
               Bj{\"{o}}rn Hartmann and
               Koushik Sen},
  title     = {CodeHint: dynamic and interactive synthesis of code snippets},
  booktitle = {36th International Conference on Software Engineering, {ICSE} '14,
               Hyderabad, India - May 31 - June 07, 2014},
  pages     = {653--663},
  year      = {2014},
  crossref  = {DBLP:conf/icse/2014},
  url       = {http://doi.acm.org/10.1145/2568225.2568250},
  doi       = {10.1145/2568225.2568250},
  timestamp = {Sun, 18 May 2014 16:12:57 +0200},
  biburl    = {http://dblp.uni-trier.de/rec/bib/conf/icse/GalensonRBHS14},
  bibsource = {dblp computer science bibliography, http://dblp.org}
}

@inproceedings{DBLP:conf/pldi/SridharanB06,
  author    = {Manu Sridharan and
               Rastislav Bod{\'{\i}}k},
  title     = {Refinement-based context-sensitive points-to analysis for Java},
  booktitle = {Proceedings of the {ACM} {SIGPLAN} 2006 Conference on Programming
               Language Design and Implementation, Ottawa, Ontario, Canada, June
               11-14, 2006},
  pages     = {387--400},
  year      = {2006},
  crossref  = {DBLP:conf/pldi/2006},
  url       = {http://doi.acm.org/10.1145/1133981.1134027},
  doi       = {10.1145/1133981.1134027},
  timestamp = {Mon, 17 Jul 2006 21:50:00 +0200},
  biburl    = {http://dblp.uni-trier.de/rec/bib/conf/pldi/SridharanB06},
  bibsource = {dblp computer science bibliography, http://dblp.org}
}

##Alex Ordo

@inproceedings{DBLP:conf/icse/KaleeswaranTKO14,
  author    = {Shalini Kaleeswaran and
               Varun Tulsian and
               Aditya Kanade and
               Alessandro Orso},
  title     = {MintHint: automated synthesis of repair hints},
  booktitle = {36th International Conference on Software Engineering, {ICSE} '14,
               Hyderabad, India - May 31 - June 07, 2014},
  pages     = {266--276},
  year      = {2014},
  crossref  = {DBLP:conf/icse/2014},
  url       = {http://doi.acm.org/10.1145/2568225.2568258},
  doi       = {10.1145/2568225.2568258},
  timestamp = {Sun, 18 May 2014 16:12:57 +0200},
  biburl    = {http://dblp.uni-trier.de/rec/bib/conf/icse/KaleeswaranTKO14},
  bibsource = {dblp computer science bibliography, http://dblp.org}
}
@inproceedings{DBLP:conf/icse/NguyenQRC13,
  author    = {Hoang Duong Thien Nguyen and
               Dawei Qi and
               Abhik Roychoudhury and
               Satish Chandra},
  title     = {SemFix: program repair via semantic analysis},
  booktitle = {35th International Conference on Software Engineering, {ICSE} '13,
               San Francisco, CA, USA, May 18-26, 2013},
  pages     = {772--781},
  year      = {2013},
  crossref  = {DBLP:conf/icse/2013},
  url       = {http://dl.acm.org/citation.cfm?id=2486890},
  timestamp = {Tue, 21 May 2013 09:47:28 +0200},
  biburl    = {http://dblp.uni-trier.de/rec/bib/conf/icse/NguyenQRC13},
  bibsource = {dblp computer science bibliography, http://dblp.org}
}

###Refactoring synthesis

@article{DBLP:journals/tse/SchaferTST12,
  author    = {Max Sch{\"{a}}fer and
               Andreas Thies and
               Friedrich Steimann and
               Frank Tip},
  title     = {A Comprehensive Approach to Naming and Accessibility in Refactoring
               Java Programs},
  journal   = {{IEEE} Trans. Software Eng.},
  volume    = {38},
  number    = {6},
  pages     = {1233--1257},
  year      = {2012},
  url       = {http://doi.ieeecomputersociety.org/10.1109/TSE.2012.13},
  doi       = {10.1109/TSE.2012.13},
  timestamp = {Mon, 03 Dec 2012 15:10:50 +0100},
  biburl    = {http://dblp.uni-trier.de/rec/bib/journals/tse/SchaferTST12},
  bibsource = {dblp computer science bibliography, http://dblp.org}
}

@inproceedings{DBLP:conf/oopsla/RaychevSSV13,
  author    = {Veselin Raychev and
               Max Sch{\"{a}}fer and
               Manu Sridharan and
               Martin T. Vechev},
  title     = {Refactoring with synthesis},
  booktitle = {Proceedings of the 2013 {ACM} {SIGPLAN} International Conference on
               Object Oriented Programming Systems Languages {\&} Applications,
               {OOPSLA} 2013, part of {SPLASH} 2013, Indianapolis, IN, USA, October
               26-31, 2013},
  pages     = {339--354},
  year      = {2013},
  crossref  = {DBLP:conf/oopsla/2013},
  url       = {http://doi.acm.org/10.1145/2509136.2509544},
  doi       = {10.1145/2509136.2509544},
  timestamp = {Fri, 25 Oct 2013 08:46:39 +0200},
  biburl    = {http://dblp.uni-trier.de/rec/bib/conf/oopsla/RaychevSSV13},
  bibsource = {dblp computer science bibliography, http://dblp.org}
}




##constraint solving

@article{DBLP:journals/tosem/KiezunGAGHE12,
  author    = {Adam Kiezun and
               Vijay Ganesh and
               Shay Artzi and
               Philip J. Guo and
               Pieter Hooimeijer and
               Michael D. Ernst},
  title     = {{HAMPI:} {A} solver for word equations over strings, regular expressions,
               and context-free grammars},
  journal   = {{ACM} Trans. Softw. Eng. Methodol.},
  volume    = {21},
  number    = {4},
  pages     = {25},
  year      = {2012},
  url       = {http://doi.acm.org/10.1145/2377656.2377662},
  doi       = {10.1145/2377656.2377662},
  timestamp = {Tue, 12 Feb 2013 12:49:04 +0100},
  biburl    = {http://dblp.uni-trier.de/rec/bib/journals/tosem/KiezunGAGHE12},
  bibsource = {dblp computer science bibliography, http://dblp.org}
}





