%%Quick fix

@inproceedings{DBLP:conf/oopsla/MusluBHEN12,
  author    = {Kivan{\c{c}} Muslu and
               Yuriy Brun and
               Reid Holmes and
               Michael D. Ernst and
               David Notkin},
  title     = {Speculative analysis of integrated development environment recommendations},
  booktitle = {Proceedings of the 27th Annual {ACM} {SIGPLAN} Conference on Object-Oriented
               Programming, Systems, Languages, and Applications, {OOPSLA} 2012,
               part of {SPLASH} 2012, Tucson, AZ, USA, October 21-25, 2012},
  pages     = {669--682},
  year      = {2012},
  crossref  = {DBLP:conf/oopsla/2012},
  url       = {http://doi.acm.org/10.1145/2384616.2384665},
  doi       = {10.1145/2384616.2384665},
  timestamp = {Tue, 23 Oct 2012 08:56:35 +0200},
  biburl    = {http://dblp.uni-trier.de/rec/bib/conf/oopsla/MusluBHEN12},
  bibsource = {dblp computer science bibliography, http://dblp.org}
}

@inproceedings{DBLP:conf/icse/ZhangE14,
  author    = {Sai Zhang and
               Michael D. Ernst},
  title     = {Which configuration option should {I} change?},
  booktitle = {36th International Conference on Software Engineering, {ICSE} '14,
               Hyderabad, India - May 31 - June 07, 2014},
  pages     = {152--163},
  year      = {2014},
  crossref  = {DBLP:conf/icse/2014},
  url       = {http://doi.acm.org/10.1145/2568225.2568251},
  doi       = {10.1145/2568225.2568251},
  timestamp = {Sun, 18 May 2014 16:12:57 +0200},
  biburl    = {http://dblp.uni-trier.de/rec/bib/conf/icse/ZhangE14},
  bibsource = {dblp computer science bibliography, http://dblp.org}
}

@inproceedings{DBLP:conf/icse/RahmanKBD14,
  author    = {Foyzur Rahman and
               Sameer Khatri and
               Earl T. Barr and
               Premkumar T. Devanbu},
  title     = {Comparing static bug finders and statistical prediction},
  booktitle = {36th International Conference on Software Engineering, {ICSE} '14,
               Hyderabad, India - May 31 - June 07, 2014},
  pages     = {424--434},
  year      = {2014},
  crossref  = {DBLP:conf/icse/2014},
  url       = {http://doi.acm.org/10.1145/2568225.2568269},
  doi       = {10.1145/2568225.2568269},
  timestamp = {Sun, 18 May 2014 16:12:57 +0200},
  biburl    = {http://dblp.uni-trier.de/rec/bib/conf/icse/RahmanKBD14},
  bibsource = {dblp computer science bibliography, http://dblp.org}
}

@inproceedings{DBLP:conf/icse/DietlDEMS11,
  author    = {Werner Dietl and
               Stephanie Dietzel and
               Michael D. Ernst and
               Kivan{\c{c}} Muslu and
               Todd W. Schiller},
  title     = {Building and using pluggable type-checkers},
  booktitle = {Proceedings of the 33rd International Conference on Software Engineering,
               {ICSE} 2011, Waikiki, Honolulu , HI, USA, May 21-28, 2011},
  pages     = {681--690},
  year      = {2011},
  crossref  = {DBLP:conf/icse/2011},
  url       = {http://doi.acm.org/10.1145/1985793.1985889},
  doi       = {10.1145/1985793.1985889},
  timestamp = {Sat, 28 Jan 2012 17:07:02 +0100},
  biburl    = {http://dblp.uni-trier.de/rec/bib/conf/icse/DietlDEMS11},
  bibsource = {dblp computer science bibliography, http://dblp.org}
}

%% Sunghun Kim

@inproceedings{DBLP:conf/sigsoft/WuZKC11,
  author    = {Rongxin Wu and
               Hongyu Zhang and
               Sunghun Kim and
               Shing{-}Chi Cheung},
  title     = {ReLink: recovering links between bugs and changes},
  booktitle = {SIGSOFT/FSE'11 19th {ACM} {SIGSOFT} Symposium on the Foundations of
               Software Engineering {(FSE-19)} and ESEC'11: 13rd European Software
               Engineering Conference (ESEC-13), Szeged, Hungary, September 5-9,
               2011},
  pages     = {15--25},
  year      = {2011},
  crossref  = {DBLP:conf/sigsoft/2011},
  url       = {http://doi.acm.org/10.1145/2025113.2025120},
  doi       = {10.1145/2025113.2025120},
  timestamp = {Thu, 08 Sep 2011 21:20:29 +0200},
  biburl    = {http://dblp.uni-trier.de/rec/bib/conf/sigsoft/WuZKC11},
  bibsource = {dblp computer science bibliography, http://dblp.org}
}

@inproceedings{DBLP:conf/icse/KimNSK13,
  author    = {Dongsun Kim and
               Jaechang Nam and
               Jaewoo Song and
               Sunghun Kim},
  title     = {Automatic patch generation learned from human-written patches},
  booktitle = {35th International Conference on Software Engineering, {ICSE} '13,
               San Francisco, CA, USA, May 18-26, 2013},
  pages     = {802--811},
  year      = {2013},
  crossref  = {DBLP:conf/icse/2013},
  url       = {http://dl.acm.org/citation.cfm?id=2486893},
  timestamp = {Tue, 21 May 2013 09:47:28 +0200},
  biburl    = {http://dblp.uni-trier.de/rec/bib/conf/icse/KimNSK13},
  bibsource = {dblp computer science bibliography, http://dblp.org}
}


## Shan Lu

@inproceedings{DBLP:conf/sigsoft/ZhangWLQRZ14,
  author    = {Mingxing Zhang and
               Yongwei Wu and
               Shan Lu and
               Shanxiang Qi and
               Jinglei Ren and
               Weimin Zheng},
  title     = {{AI:} a lightweight system for tolerating concurrency bugs},
  booktitle = {Proceedings of the 22nd {ACM} {SIGSOFT} International Symposium on
               Foundations of Software Engineering, (FSE-22), Hong Kong, China, November
               16 - 22, 2014},
  pages     = {330--340},
  year      = {2014},
  crossref  = {DBLP:conf/sigsoft/2014},
  url       = {http://doi.acm.org/10.1145/2635868.2635885},
  doi       = {10.1145/2635868.2635885},
  timestamp = {Fri, 07 Nov 2014 13:02:02 +0100},
  biburl    = {http://dblp.uni-trier.de/rec/bib/conf/sigsoft/ZhangWLQRZ14},
  bibsource = {dblp computer science bibliography, http://dblp.org}
}


##Find Bug
@inproceedings{DBLP:conf/issta/AyewahP10,
  author    = {Nathaniel Ayewah and
               William Pugh},
  title     = {The Google FindBugs fixit},
  booktitle = {Proceedings of the Nineteenth International Symposium on Software
               Testing and Analysis, {ISSTA} 2010, Trento, Italy, July 12-16, 2010},
  pages     = {241--252},
  year      = {2010},
  crossref  = {DBLP:conf/issta/2010},
  url       = {http://doi.acm.org/10.1145/1831708.1831738},
  doi       = {10.1145/1831708.1831738},
  timestamp = {Wed, 14 Jul 2010 11:04:18 +0200},
  biburl    = {http://dblp.uni-trier.de/rec/bib/conf/issta/AyewahP10},
  bibsource = {dblp computer science bibliography, http://dblp.org}
}

## Regression Test
@inproceedings{DBLP:conf/oopsla/HarroldJLLOPSSG01,
  author    = {Mary Jean Harrold and
               James A. Jones and
               Tongyu Li and
               Donglin Liang and
               Alessandro Orso and
               Maikel Pennings and
               Saurabh Sinha and
               S. Alexander Spoon and
               Ashish Gujarathi},
  title     = {Regression Test Selection for Java Software},
  booktitle = {Proceedings of the 2001 {ACM} {SIGPLAN} Conference on Object-Oriented
               Programming Systems, Languages and Applications, {OOPSLA} 2001, Tampa,
               Florida, USA, October 14-18, 2001.},
  pages     = {312--326},
  year      = {2001},
  crossref  = {DBLP:conf/oopsla/2001},
  url       = {http://doi.acm.org/10.1145/504282.504305},
  doi       = {10.1145/504282.504305},
  timestamp = {Tue, 19 Nov 2013 18:10:37 +0100},
  biburl    = {http://dblp.uni-trier.de/rec/bib/conf/oopsla/HarroldJLLOPSSG01},
  bibsource = {dblp computer science bibliography, http://dblp.org}
}

@inproceedings{DBLP:conf/icse/RenRST05,
  author    = {Xiaoxia Ren and
               Barbara G. Ryder and
               Maximilian St{\"{o}}rzer and
               Frank Tip},
  title     = {Chianti: a change impact analysis tool for java programs},
  booktitle = {27th International Conference on Software Engineering {(ICSE} 2005),
               15-21 May 2005, St. Louis, Missouri, {USA}},
  pages     = {664--665},
  year      = {2005},
  crossref  = {DBLP:conf/icse/2005},
  url       = {http://doi.acm.org/10.1145/1062455.1062598},
  doi       = {10.1145/1062455.1062598},
  timestamp = {Mon, 13 Feb 2006 15:15:56 +0100},
  biburl    = {http://dblp.uni-trier.de/rec/bib/conf/icse/RenRST05},
  bibsource = {dblp computer science bibliography, http://dblp.org}
}

@inproceedings{DBLP:conf/sigsoft/PintoSO12,
  author    = {Leandro Sales Pinto and
               Saurabh Sinha and
               Alessandro Orso},
  title     = {Understanding myths and realities of test-suite evolution},
  booktitle = {20th {ACM} {SIGSOFT} Symposium on the Foundations of Software Engineering
               (FSE-20), SIGSOFT/FSE'12, Cary, NC, {USA} - November 11 - 16, 2012},
  pages     = {33},
  year      = {2012},
  crossref  = {DBLP:conf/sigsoft/2012},
  url       = {http://doi.acm.org/10.1145/2393596.2393634},
  doi       = {10.1145/2393596.2393634},
  timestamp = {Wed, 14 Nov 2012 12:22:39 +0100},
  biburl    = {http://dblp.uni-trier.de/rec/bib/conf/sigsoft/PintoSO12},
  bibsource = {dblp computer science bibliography, http://dblp.org}
}

@inproceedings{DBLP:conf/kbse/ApiwattanapongOH04,
  author    = {Taweesup Apiwattanapong and
               Alessandro Orso and
               Mary Jean Harrold},
  title     = {A Differencing Algorithm for Object-Oriented Programs},
  booktitle = {19th {IEEE} International Conference on Automated Software Engineering
               {(ASE} 2004), 20-25 September 2004, Linz, Austria},
  pages     = {2--13},
  year      = {2004},
  crossref  = {DBLP:conf/kbse/2004},
  url       = {http://doi.ieeecomputersociety.org/10.1109/ASE.2004.10015},
  doi       = {10.1109/ASE.2004.10015},
  timestamp = {Wed, 26 Oct 2011 12:01:01 +0200},
  biburl    = {http://dblp.uni-trier.de/rec/bib/conf/kbse/ApiwattanapongOH04},
  bibsource = {dblp computer science bibliography, http://dblp.org}
}
@article{DBLP:journals/tse/CubranicMSB05,
  author    = {Davor Cubranic and
               Gail C. Murphy and
               Janice Singer and
               Kellogg S. Booth},
  title     = {Hipikat: {A} Project Memory for Software Development},
  journal   = {{IEEE} Trans. Software Eng.},
  volume    = {31},
  number    = {6},
  pages     = {446--465},
  year      = {2005},
  url       = {http://doi.ieeecomputersociety.org/10.1109/TSE.2005.71},
  doi       = {10.1109/TSE.2005.71},
  timestamp = {Mon, 07 Nov 2011 16:59:20 +0100},
  biburl    = {http://dblp.uni-trier.de/rec/bib/journals/tse/CubranicMSB05},
  bibsource = {dblp computer science bibliography, http://dblp.org}
}

@inproceedings{DBLP:conf/oopsla/GuBSS12,
  author    = {Zhongxian Gu and
               Earl T. Barr and
               Drew Schleck and
               Zhendong Su},
  title     = {Reusing debugging knowledge via trace-based bug search},
  booktitle = {Proceedings of the 27th Annual {ACM} {SIGPLAN} Conference on Object-Oriented
               Programming, Systems, Languages, and Applications, {OOPSLA} 2012,
               part of {SPLASH} 2012, Tucson, AZ, USA, October 21-25, 2012},
  pages     = {927--942},
  year      = {2012},
  crossref  = {DBLP:conf/oopsla/2012},
  url       = {http://doi.acm.org/10.1145/2384616.2384684},
  doi       = {10.1145/2384616.2384684},
  timestamp = {Tue, 23 Oct 2012 08:56:35 +0200},
  biburl    = {http://dblp.uni-trier.de/rec/bib/conf/oopsla/GuBSS12},
  bibsource = {dblp computer science bibliography, http://dblp.org}
}

## Energy consumption

@inproceedings{DBLP:conf/icse/LiH14,
  author    = {Ding Li and
               William G. J. Halfond},
  title     = {An investigation into energy-saving programming practices for Android
               smartphone app development},
  booktitle = {Proceedings of the 3rd International Workshop on Green and Sustainable
               Software, {GREENS} 2014, Hyderabad, India, June 1, 2014},
  pages     = {46--53},
  year      = {2014},
  crossref  = {DBLP:conf/icse/2014greens},
  url       = {http://doi.acm.org/10.1145/2593743.2593750},
  doi       = {10.1145/2593743.2593750},
  timestamp = {Sun, 25 May 2014 19:37:54 +0200},
  biburl    = {http://dblp.uni-trier.de/rec/bib/conf/icse/LiH14},
  bibsource = {dblp computer science bibliography, http://dblp.org}
}

@inproceedings{DBLP:conf/icse/HaoLHG13,
  author    = {Shuai Hao and
               Ding Li and
               William G. J. Halfond and
               Ramesh Govindan},
  title     = {Estimating mobile application energy consumption using program analysis},
  booktitle = {35th International Conference on Software Engineering, {ICSE} '13,
               San Francisco, CA, USA, May 18-26, 2013},
  pages     = {92--101},
  year      = {2013},
  crossref  = {DBLP:conf/icse/2013},
  url       = {http://dl.acm.org/citation.cfm?id=2486801},
  timestamp = {Tue, 21 May 2013 09:47:28 +0200},
  biburl    = {http://dblp.uni-trier.de/rec/bib/conf/icse/HaoLHG13},
  bibsource = {dblp computer science bibliography, http://dblp.org}
}

@inproceedings{DBLP:conf/issta/LiHHG13,
  author    = {Ding Li and
               Shuai Hao and
               William G. J. Halfond and
               Ramesh Govindan},
  title     = {Calculating source line level energy information for Android applications},
  booktitle = {International Symposium on Software Testing and Analysis, {ISSTA}
               '13, Lugano, Switzerland, July 15-20, 2013},
  pages     = {78--89},
  year      = {2013},
  crossref  = {DBLP:conf/issta/2013},
  url       = {http://doi.acm.org/10.1145/2483760.2483780},
  doi       = {10.1145/2483760.2483780},
  timestamp = {Mon, 15 Jul 2013 10:26:47 +0200},
  biburl    = {http://dblp.uni-trier.de/rec/bib/conf/issta/LiHHG13},
  bibsource = {dblp computer science bibliography, http://dblp.org}
}

@inproceedings{DBLP:conf/icse/ManotasPC14,
  author    = {Irene Lizeth Manotas Guti{\'{e}}rrez and
               Lori L. Pollock and
               James Clause},
  title     = {{SEEDS:} a software engineer's energy-optimization decision support
               framework},
  booktitle = {36th International Conference on Software Engineering, {ICSE} '14,
               Hyderabad, India - May 31 - June 07, 2014},
  pages     = {503--514},
  year      = {2014},
  crossref  = {DBLP:conf/icse/2014},
  url       = {http://doi.acm.org/10.1145/2568225.2568297},
  doi       = {10.1145/2568225.2568297},
  timestamp = {Mon, 19 May 2014 08:02:22 +0200},
  biburl    = {http://dblp.uni-trier.de/rec/bib/conf/icse/ManotasPC14},
  bibsource = {dblp computer science bibliography, http://dblp.org}
}

@inproceedings{DBLP:conf/icse/GhezziPST14,
  author    = {Carlo Ghezzi and
               Mauro Pezz{\`{e}} and
               Michele Sama and
               Giordano Tamburrelli},
  title     = {Mining behavior models from user-intensive web applications},
  booktitle = {36th International Conference on Software Engineering, {ICSE} '14,
               Hyderabad, India - May 31 - June 07, 2014},
  pages     = {277--287},
  year      = {2014},
  crossref  = {DBLP:conf/icse/2014},
  url       = {http://doi.acm.org/10.1145/2568225.2568234},
  doi       = {10.1145/2568225.2568234},
  timestamp = {Sun, 18 May 2014 16:12:57 +0200},
  biburl    = {http://dblp.uni-trier.de/rec/bib/conf/icse/GhezziPST14},
  bibsource = {dblp computer science bibliography, http://dblp.org}
}

@inproceedings{DBLP:conf/sigsoft/FengADA14,
  author    = {Yu Feng and
               Saswat Anand and
               Isil Dillig and
               Alex Aiken},
  title     = {Apposcopy: semantics-based detection of Android malware through static
               analysis},
  booktitle = {Proceedings of the 22nd {ACM} {SIGSOFT} International Symposium on
               Foundations of Software Engineering, (FSE-22), Hong Kong, China, November
               16 - 22, 2014},
  pages     = {576--587},
  year      = {2014},
  crossref  = {DBLP:conf/sigsoft/2014},
  url       = {http://doi.acm.org/10.1145/2635868.2635869},
  doi       = {10.1145/2635868.2635869},
  timestamp = {Fri, 07 Nov 2014 13:02:02 +0100},
  biburl    = {http://dblp.uni-trier.de/rec/bib/conf/sigsoft/FengADA14},
  bibsource = {dblp computer science bibliography, http://dblp.org}
}

## Purity analysis

@inproceedings{DBLP:conf/sle/JukssVVV14,
  author    = {Maris Jukss and
               Clark Verbrugge and
               D{\'{a}}niel Varr{\'{o}} and
               Hans Vangheluwe},
  title     = {Dynamic Scope Discovery for Model Transformations},
  booktitle = {Software Language Engineering - 7th International Conference, {SLE}
               2014, V{\"{a}}ster{\aa}s, Sweden, September 15-16, 2014. Proceedings},
  pages     = {302--321},
  year      = {2014},
  crossref  = {DBLP:conf/sle/2014},
  url       = {http://dx.doi.org/10.1007/978-3-319-11245-9_17},
  doi       = {10.1007/978-3-319-11245-9_17},
  timestamp = {Tue, 09 Sep 2014 10:57:11 +0200},
  biburl    = {http://dblp.uni-trier.de/rec/bib/conf/sle/JukssVVV14},
  bibsource = {dblp computer science bibliography, http://dblp.org}
}

@inproceedings{DBLP:conf/oopsla/HuangMDE12,
  author    = {Wei Huang and
               Ana Milanova and
               Werner Dietl and
               Michael D. Ernst},
  title     = {Reim {\&} ReImInfer: checking and inference of reference immutability
               and method purity},
  booktitle = {Proceedings of the 27th Annual {ACM} {SIGPLAN} Conference on Object-Oriented
               Programming, Systems, Languages, and Applications, {OOPSLA} 2012,
               part of {SPLASH} 2012, Tucson, AZ, USA, October 21-25, 2012},
  pages     = {879--896},
  year      = {2012},
  crossref  = {DBLP:conf/oopsla/2012},
  url       = {http://doi.acm.org/10.1145/2384616.2384680},
  doi       = {10.1145/2384616.2384680},
  timestamp = {Tue, 23 Oct 2012 08:56:35 +0200},
  biburl    = {http://dblp.uni-trier.de/rec/bib/conf/oopsla/HuangMDE12},
  bibsource = {dblp computer science bibliography, http://dblp.org}
}

@inproceedings{DBLP:conf/sigsoft/KashyapDKWGSWH14,
  author    = {Vineeth Kashyap and
               Kyle Dewey and
               Ethan A. Kuefner and
               John Wagner and
               Kevin Gibbons and
               John Sarracino and
               Ben Wiedermann and
               Ben Hardekopf},
  title     = {{JSAI:} a static analysis platform for JavaScript},
  booktitle = {Proceedings of the 22nd {ACM} {SIGSOFT} International Symposium on
               Foundations of Software Engineering, (FSE-22), Hong Kong, China, November
               16 - 22, 2014},
  pages     = {121--132},
  year      = {2014},
  crossref  = {DBLP:conf/sigsoft/2014},
  url       = {http://doi.acm.org/10.1145/2635868.2635904},
  doi       = {10.1145/2635868.2635904},
  timestamp = {Fri, 07 Nov 2014 13:02:02 +0100},
  biburl    = {http://dblp.uni-trier.de/rec/bib/conf/sigsoft/KashyapDKWGSWH14},
  bibsource = {dblp computer science bibliography, http://dblp.org}
}

@inproceedings{DBLP:conf/oopsla/FeldthausM13,
  author    = {Asger Feldthaus and
               Anders M{\o}ller},
  title     = {Semi-automatic rename refactoring for JavaScript},
  booktitle = {Proceedings of the 2013 {ACM} {SIGPLAN} International Conference on
               Object Oriented Programming Systems Languages {\&} Applications,
               {OOPSLA} 2013, part of {SPLASH} 2013, Indianapolis, IN, USA, October
               26-31, 2013},
  pages     = {323--338},
  year      = {2013},
  crossref  = {DBLP:conf/oopsla/2013},
  url       = {http://doi.acm.org/10.1145/2509136.2509520},
  doi       = {10.1145/2509136.2509520},
  timestamp = {Fri, 25 Oct 2013 08:46:39 +0200},
  biburl    = {http://dblp.uni-trier.de/rec/bib/conf/oopsla/FeldthausM13},
  bibsource = {dblp computer science bibliography, http://dblp.org}
}

@inproceedings{DBLP:conf/oopsla/FeldthausMMST11,
  author    = {Asger Feldthaus and
               Todd D. Millstein and
               Anders M{\o}ller and
               Max Sch{\"{a}}fer and
               Frank Tip},
  title     = {Tool-supported refactoring for JavaScript},
  booktitle = {Proceedings of the 26th Annual {ACM} {SIGPLAN} Conference on Object-Oriented
               Programming, Systems, Languages, and Applications, {OOPSLA} 2011,
               part of {SPLASH} 2011, Portland, OR, USA, October 22 - 27, 2011},
  pages     = {119--138},
  year      = {2011},
  crossref  = {DBLP:conf/oopsla/2011},
  url       = {http://doi.acm.org/10.1145/2048066.2048078},
  doi       = {10.1145/2048066.2048078},
  timestamp = {Tue, 25 Oct 2011 20:48:58 +0200},
  biburl    = {http://dblp.uni-trier.de/rec/bib/conf/oopsla/FeldthausMMST11},
  bibsource = {dblp computer science bibliography, http://dblp.org}
}

