%%%%%%%Kim %%%%%%%	
			@ARTICLE{baishakhi:port,
  author = "Baishakhi Ray and Miryung Kim",
  title = "A case study of cross-system porting in forked projects",
  JOURNAL = "FSE '12",
  PAGES = {53:1-53:11},
  YEAR = {2012} }

	@ARTICLE{meng:lase,
	AUTHOR = "Na Meng and Miryung Kim and Kathryn S.McKinley",
	TITLE = "LASE: Locating and Applying Systematic Edits by Learning from Examples",
	JOURNAL = "ICSE 2013",
	PAGES = {502-511},
	YEAR = {2013}	}


	
	
	@ARTICLE{meng:sydit,
	AUTHOR = "Na Meng and Miryung Kim and Kathryn S.McKinley",
	TITLE = "Systematic Editing: Generating Program Transformations from an example",
	JOURNAL = "PLDI 2011",
	PAGES = {329-342},
	YEAR = {2011}	}

@article{fluri:distiller07,
  author    = {Beat Fluri and
               Michael W{\"u}rsch and
               Martin Pinzger and
               Harald Gall},
  title     = {Change Distilling: Tree Differencing for Fine-Grained Source
               Code Change Extraction},
  journal   = {IEEE Trans. Software Eng.},
  volume    = {33},
  number    = {11},
  year      = {2007},
  pages     = {725-743},
  ee        = {http://doi.ieeecomputersociety.org/10.1109/TSE.2007.70731},
  bibsource = {DBLP, http://dblp.uni-trier.de}
}



     @INPROCEEDINGS{john:cookbook,
	AUTHOR = "John Jacobellis and Na Meng and Miryung Kim",
	TITLE = "Cookbook: In Situ Code Completion Using Edit Recipes Learned From Examples",
	JOURNAL = "ICSE 2014",
	YEAR = {2014}	}

@inproceedings{baishakhi:spa13,
  author    = {Baishakhi Ray and
               Miryung Kim and
               Suzette Person and
               Neha Rungta},
  title     = {Detecting and characterizing semantic inconsistencies in
               ported code},
  booktitle = {ASE},
  year      = {2013},
  pages     = {367-377},
}
%%%%Anderson %%%%		
	@ARTICLE{andersen:generic,
	AUTHOR = "Jesper Andersen and Julia L.Lawall",
	TITLE = "Generic Patch Inference",
	JOURNAL = "ASE 2008",
	PAGES = {337-346},
	YEAR = {2008}	}


	@ARTICLE{andersen:semantic,
	AUTHOR = "Jesper Andersen and Anh Cuong Nguyen and David Lo and Julia L. Lawall and Siau-Cheng Khoo",
	TITLE = "Semantic patch inference",
	JOURNAL = "ASE 2012",
	PAGES = {382-385},
	YEAR = {2012}	}
	%%%%%%Twinning
	%%%twinning not related
	@inproceedings{nita:twin10,
  author    = {Marius Nita and
               David Notkin},
  title     = {Using twinning to adapt programs to alternative APIs},
  booktitle = {ICSE (1)},
  year      = {2010},
  pages     = {205-214},
}
%%%%arcum not related
@inproceedings{griswold:arcum,
  author    = {Macneil Shonle and
               William G. Griswold and
               Sorin Lerner},
  title     = {Beyond refactoring: a framework for modular maintenance
               of crosscutting design idioms},
  booktitle = {ESEC/SIGSOFT FSE},
  year      = {2007},
  pages     = {175-184},
}
%%%SemDiff
	@inproceedings{dagenais:semdiff,
  author    = {Barth{\'e}l{\'e}my Dagenais and
               Martin P. Robillard},
  title     = {Recommending adaptive changes for framework evolution},
  booktitle = {ICSE},
  year      = {2008},
  pages     = {481-490},
}

%%%%%%PBD
	@inproceedings{lieberman:pbd,
  author    = {Henry Liberman},
  title     = {Your Wish is My Command: Programming by Example},
  booktitle = {Morgan Kaufmann Publisher},
  year      = {2001}
}


## CHange Distiller

@article{DBLP:journals/tse/FluriWPG07,
  author    = {Beat Fluri and
               Michael W{\"{u}}rsch and
               Martin Pinzger and
               Harald Gall},
  title     = {Change Distilling: Tree Differencing for Fine-Grained Source Code
               Change Extraction},
  journal   = {{IEEE} Trans. Software Eng.},
  volume    = {33},
  number    = {11},
  pages     = {725--743},
  year      = {2007},
  url       = {http://doi.ieeecomputersociety.org/10.1109/TSE.2007.70731},
  doi       = {10.1109/TSE.2007.70731},
  timestamp = {Fri, 08 Feb 2008 22:03:31 +0100},
  biburl    = {http://dblp.uni-trier.de/rec/bib/journals/tse/FluriWPG07},
  bibsource = {dblp computer science bibliography, http://dblp.org}
}





####Clone

@inproceedings{DBLP:conf/icse/LinXXLPSZ14,
  author    = {Yun Lin and
               Zhenchang Xing and
               Yinxing Xue and
               Yang Liu and
               Xin Peng and
               Jun Sun and
               Wenyun Zhao},
  title     = {Detecting differences across multiple instances of code clones},
  booktitle = {36th International Conference on Software Engineering, {ICSE} '14,
               Hyderabad, India - May 31 - June 07, 2014},
  pages     = {164--174},
  year      = {2014},
  crossref  = {DBLP:conf/icse/2014},
  url       = {http://doi.acm.org/10.1145/2568225.2568298},
  doi       = {10.1145/2568225.2568298},
  timestamp = {Tue, 09 Sep 2014 18:51:38 +0200},
  biburl    = {http://dblp.uni-trier.de/rec/bib/conf/icse/LinXXLPSZ14},
  bibsource = {dblp computer science bibliography, http://dblp.org}
}


	