@inproceedings{hawkins:datasynthesis11,
  author    = {Peter Hawkins and
               Alex Aiken and
               Kathleen Fisher and
               Martin C. Rinard and
               Mooly Sagiv},
  title     = {Data representation synthesis},
  booktitle = {PLDI},
  year      = {2011},
  pages     = {38-49},
}



@inproceedings{singh:dssynthesis11,
  author    = {Rishabh Singh and
               Armando Solar-Lezama},
  title     = {Synthesizing data structure manipulations from storyboards},
  booktitle = {SIGSOFT FSE},
  year      = {2011},
  pages     = {289-299},
}

@inproceedings{murphy:coderecommend05,
  author    = {Reid Holmes and
               Gail C. Murphy},
  title     = {Using structural context to recommend source code examples},
  booktitle = {ICSE},
  year      = {2005},
  pages     = {117-125},
}
%%%%%Bodik
@inproceedings{bodik:jungloid05,
  author    = {David Mandelin and
               Lin Xu and
               Rastislav Bod\'{\i}k and
               Doug Kimelman},
  title     = {Jungloid mining: helping to navigate the API jungle},
  booktitle = {PLDI},
  year      = {2005},
  pages     = {48-61},
}


@inproceedings{bodik:codehit14,
  author    = {Joel Galenson and
               Philip Reames and
               Rastislav Bod\'{\i}k and  Bj{\"o}rn Hartmann and 
               Koushik Sen},
  title     = {CodeHint: Dynamic and Interactive Synthesis of Code Snippets},
  booktitle = {ICSE},
  year      = {2014}
}

%%%%Senfix
@inproceedings{nguyen:semfix13,
  author    = {Hoang Duong Thien Nguyen and
               Dawei Qi and
               Abhik Roychoudhury and
               Satish Chandra},
  title     = {SemFix: program repair via semantic analysis},
  booktitle = {ICSE},
  year      = {2013},
  pages     = {772-781},
}
%%%MintHint 
@article{orso:minthint13,
  author    = {Shalini Kaleeswaran and
               Varun Tulsian and
               Aditya Kanade and
               Alessandro Orso},
  title     = {MintHint: Automated Synthesis of Repair Hints},
  journal   = {CoRR},
  volume    = {abs/1306.1286},
  year      = {2013},
}
%%%%Parameter recommend
@inproceedings{zhang:parameterrecommend12,
  author    = {Cheng Zhang and
               Juyuan Yang and
               Yi Zhang and
               Jing Fan and
               Xin Zhang and
               Jianjun Zhao and
               Peizhao Ou},
  title     = {Automatic parameter recommendation for practical API usage},
  booktitle = {ICSE},
  year      = {2012},
  pages     = {826-836},
}

%%%%%naming
@article{kuhn:name,
  author    = {Adrian Kuhn},
  title     = {On Recommending Meaningful Names in Source and UML},
  journal   = {RSSE},
  year      = {2010}
}

@inproceedings{yuki:verbrecommend14,
  author    = {Yuki Kashiwabara and
               Yuya Onizuka and
               Takashi Ishio and
               Yasuhiro Hayase and
               Tetsuo Yamamoto and
               Katsuro Inoue},
  title     = {Recommending verbs for rename method using association rule
               mining},
  booktitle = {CSMR-WCRE},
  year      = {2014},
  pages     = {323-327},
  }
%%%%Butler
@inproceedings{butler:classname11,
  author    = {Simon Butler and
               Michel Wermelinger and
               Yijun Yu and
               Helen Sharp},
  title     = {Mining java class naming conventions},
  booktitle = {ICSM},
  year      = {2011},
  pages     = {93-102},
}

@inproceedings{butler:influence10,
  author    = {Simon Butler and
               Michel Wermelinger and
               Yijun Yu and
               Helen Sharp},
  title     = {Exploring the Influence of Identifier Names on Code Quality:
               An Empirical Study},
  booktitle = {CSMR},
  year      = {2010},
  pages     = {156-165},
}

%%%not recommend, use prev
@inproceedings{butler:classname12,
  author    = {Simon Butler},
  title     = {Mining Java class identifier naming conventions},
  booktitle = {ICSE},
  year      = {2012},
  pages     = {1641-1643},
}


%%%%%%%Method Name
%%Einar
@inproceedings{einar:debugname09,
  author    = {Einar W. H{\o}st and
               Bjarte M. {\O}stvold},
  title     = {Debugging Method Names},
  booktitle = {ECOOP},
  year      = {2009},
  pages     = {294-317},
}
@inproceedings{einar:canonicalname10,
  author    = {Einar W. H{\o}st and
               Bjarte M. {\O}stvold},
  title     = {Canonical Method Names for Java - Using Implementation Semantics
               to Identify Synonymous Verbs},
  booktitle = {SLE},
  year      = {2010},
  pages     = {226-245},
}

%%%%%Lawrie
@article{binkley:styleeffort13,
  author    = {Dave Binkley and
               Marcia Davis and
               Dawn Lawrie and
               Jonathan I. Maletic and
               Christopher Morrell and
               Bonita Sharif},
  title     = {The impact of identifier style on effort and comprehension},
  journal   = {Empirical Software Engineering},
  volume    = {18},
  number    = {2},
  year      = {2013},
  pages     = {219-276},
}
%%%%
@inproceedings{lawrie:studyindentifier06,
  author    = {Dawn Lawrie and
               Christopher Morrell and
               Henry Feild and
               David Binkley},
  title     = {What's in a Name? A Study of Identifiers},
  booktitle = {ICPC},
  year      = {2006},
  pages     = {3-12},
}

@article{lawrie:effective07,
  author    = {Dawn Lawrie and
               Christopher Morrell and
               Henry Feild and
               David Binkley},
  title     = {Effective identifier names for comprehension and memory},
  journal   = {ISSE},
  volume    = {3},
  number    = {4},
  year      = {2007},
  pages     = {303-318},
}

%%not related
@inproceedings{lucia:irname12,
  author    = {Andrea De Lucia and
               Massimiliano Di Penta and
               Rocco Oliveto and
               Annibale Panichella and
               Sebastiano Panichella},
  title     = {Using IR methods for labeling source code artifacts: Is
               it worthwhile?},
  booktitle = {ICPC},
  year      = {2012},
  pages     = {193-202},
}




%%%%%%%not replated
@inproceedings{gil:pattern05,
  author    = {Joseph Gil and
               Itay Maman},
  title     = {Micro patterns in Java code},
  booktitle = {OOPSLA},
  year      = {2005},
  pages     = {97-116},
}


@inproceedings{caprile:reconstruct00,
  author    = {Bruno Caprile and
               Paolo Tonella},
  title     = {Restructuring Program Identifier Names},
  booktitle = {ICSM},
  year      = {2000},
  pages     = {97-107},
}


@inproceedings{singer:pattern08,
  author    = {Jeremy Singer and
               Chris C. Kirkham},
  title     = {Exploiting the Correspondence between Micro Patterns and
               Class Names},
  booktitle = {SCAM},
  year      = {2008},
  pages     = {67-76},
}






